2659 3942
1092 204 1377 262 LIBER
1431 204 1483 262 I.
2174 219 2206 274 3
2218 215 2247 274 5

577 359 1037 420 [XXII—XXXI.
1116 359 1216 409 The
1248 346 1393 422 'reign
1426 358 1489 422 qs
1518 359 1697 406 Tullus
1730 357 2016 418 Hostilius]

338 471 660 533 ostentam,
719 460 1084 534 “huncine,’'
1133 459 1330 520 aiebat
1384 461 1420 490 “
1438 480 1617 536 quern
1668 461 1862 519 modo'
1904 461 2251 520 decoratum

339 569 739 636 ovantemque
788 558 1032 618 victoria
1072 557 1451 621 incedentem
1495 558 1741 631 vidistis,
1788 557 2067 633 QuiriteS,
2114 579 2252 619 eum

335 655 453 734 sub
518 656 682 714 furca
737 655 1002 715 vinctum
1067 654 1221 715 inter
1276 655 1520 715 verbera
1584 666 1645 714 et
1706 655 1999 715 cruciatus
2053 648 2254 716 videre

339 753 603 832 potestiS,
637 745 802 832 quod
830 755 926 813 vix
962 754 1336 830 Albanorum
1377 753 1533 814 oculi
1573 765 1694 814 tam
1734 756 2001 817 deforme
2030 765 2255 832 specta-

286 863 314 907 s
341 854 543 912 culum
609 854 757 912 ferre
813 855 1102 928 possent?
1200 855 1234 925 i,
1296 851 1482 926 lictor,
1542 851 1755 930 colliga
1810 872 2039 926 manus,
2098 871 2253 929 quae
2287 872 2352 910 11

339 952 520 1026 paulo
541 962 681 1010 ante
702 961 963 1009 armatae
985 949 1302 1026 imperium
1324 951 1550 1027 populo
1576 952 1855 1010 Romano
1877 961 2249 1028 pepererunt.
2388 945 2395 949 ’

339 1046 374 1121 i,
421 1058 600 1125 caput
649 1047 896 1108 obnube
937 1046 1264 1107 liberatoris
1309 1047 1471 1107 urbis
1513 1047 1728 1121 huius3
1782 1048 1993 1107 arbore
2034 1046 2254 1107 infelici

339 1147 656 1224 suspende,
705 1144 947 1205 verbera
992 1147 1082 1205 vel
1131 1144 1284 1205 intra
1332 1145 1683 1224 pomerium,
1730 1147 1914 1206 modo
1962 1144 2115 1204 inter
2155 1143 2255 1204 illa

339 1243 458 1322 pila
500 1255 560 1304 et
602 1242 791 1321 spolia
833 1243 1112 1317 hostium,
1155 1247 1248 1304 vel
1287 1254 1449 1304 extra
1486 1243 1837 1322 pomerium,
1880 1245 2065 1304 modo
2102 1243 2255 1302 inter

262 1359 312 1386 10
337 1345 608 1420 sepulcra
645 1341 1060 1404 Curiatiorum.
1147 1363 1269 1420 quo
1313 1342 1475 1402 enim
1514 1343 1733 1402 ducere
1776 1343 1938 1400 hunc
1976 1340 2252 1400 iuvenem

337 1441 602 1519 potestiS,
661 1441 766 1501 ubi
827 1461 951 1502 non
1017 1461 1124 1500 sua
1190 1443 1411 1505 decora
1464 1462 1603 1501 eum
1660 1461 1695 1500 a
1750 1452 1915 1500 tanta
1969 1440 2253 1501 foeditate

341 1541 616 1618 supplicii
684 1540 1081 1602 vindicent?''
1184 1561 1308 1600 non
1378 1541 1511 1601 tulit
1580 1543 1836 1618 populus
1900 1560 2011 1600 nec
2055 1539 2253 1619 patris
2287 1562 2355 1601 12

337 1639 608 1700 lacrimas
659 1660 771 1700 nec
821 1638 1005 1717 ipsius
1050 1659 1260 1716 parem
1309 1639 1372 1698 in
1422 1639 1586 1699 omni
1637 1639 1900 1716 periculo
1948 1638 2254 1714 animum3

337 1738 838 1816 absolveruntque
903 1737 1296 1798 admiratione
1365 1738 1550 1816 magis
1606 1737 1835 1798 virtutis
1890 1757 2071 1815 quam
2128 1737 2253 1798 iure
2273 1725 2283 1770 J

263 1855 310 1891 τε
339 1853 568 1893 causae.
640 1833 858 1911 itaque,
884 1845 950 1893 ut
977 1835 1193 1894 caedes
1219 1833 1537 1914 manifesta
1563 1834 1765 1911 aliquo
1795 1845 1995 1893 tamen
2016 1833 2253 1911 piaculo

338 1933 608 2003 lueretur,
669 1930 1024 2038 imperatum
1091 1930 1257 2008 patri,
1318 1942 1384 1991 ut
1440 1931 1629 1991 filium
1685 1932 1945 2009 expiaret
1999 1930 2253 2010 pecunia

337 2026 591 2108 publica.
699 2026 748 2086 is
815 2027 1176 2104 quibusdam
1243 2027 1642 2115 piacularibus
1708 2028 2007 2089 sacrificiis
2063 2028 2248 2102 factis,
2284 2049 2357 2105 13

338 2145 490 2202 quae
530 2125 752 2216 deinde
790 2125 953 2204 genti
995 2126 1284 2186 Horatiae
1325 2124 1547 2221 tradita
1578 2138 1731 2201 sunt,
1765 2127 2109 2188 transmisso
2148 2148 2253 2205 per

337 2223 493 2283 viam
558 2205 792 2305 tigillo
813 2225 1008 2302 capite
1073 2228 1364 2304 adoperto
1429 2228 1590 2286 velut
1654 2227 1767 2288 sub
1832 2227 2037 2305 iugum
2093 2227 2253 2289 misit

261 2343 310 2369 ω
335 2320 627 2382 iuvenem.
721 2321 784 2382 id
840 2321 1022 2383 hodie
1077 2342 1321 2400 quoque
1377 2323 1617 2402 publice
1676 2345 1909 2401 semper
1962 2327 2250 2385 refectum

333 2432 572 2495 manet3
622 2421 913 2481 sororium
954 2421 1204 2498 tigillum
1245 2433 1475 2480 vocant.
1566 2422 1854 2482 Horatiae
1893 2427 2245 2500 sepulcrum,
2286 2448 2358 2500 14
2415 2438 2476 2507 μ

333 2537 456 2596 quo
511 2521 647 2579 loco
702 2531 1001 2580 corruerat
1055 2519 1188 2598 icta,
1245 2531 1657 2580 constructum
1715 2533 1805 2580 est
1861 2542 2001 2582 saxo
2068 2517 2251 2599 quad·

335 2627 476 2676 rato.

454 2715 514 2774 N
517 2734 593 2786 ee,
643 2712 747 2774 diu
803 2734 918 2791 pax
965 2715 1204 2775 Albana
1259 2715 1492 2775 mansit.
1581 2715 1803 2777 invidia
1862 2717 2033 2794 vulgi,
2084 2673 2403 2829 quod&

257 2830 305 2870 25
333 2810 520 2871 tribus
563 2810 851 2871 militibus
890 2813 1127 2871 fortuna
1165 2813 1407 2890 publica
1444 2813 1766 2874 commissa
1807 2813 1997 2887 fuerit,
2030 2835 2249 2873 vanum

327 2903 635 2988 ingenium
679 2909 982 2969 dictatoris
1026 2911 1304 2988 corrupit,
1351 2923 1427 2985 et,
1470 2912 1756 2989 quoniam
1800 2924 1961 2972 recta
2004 2911 2251 2972 consilia

330 3010 493 3068 haud
557 3008 714 3068 bene
779 3022 1114 3082 evenerant,
1174 3009 1368 3119 pravis
1435 3011 1815 3072 reconciliare
1872 3010 2247 3089 popularium

329 3104 560 3165 animos
604 3104 819 3182 coepit.
907 3105 1082 3183 igitur
1130 3118 1196 3167 ut
1244 3107 1407 3185 prius
1456 3107 1519 3166 in
1570 3108 1728 3169 bello
1779 3130 2006 3187 pacem,
2054 3109 2138 3169 sic
2187 3109 2247 3169 in
2284 3133 2312 3170 2

329 3224 477 3282 pace
516 3206 741 3264 bellum
780 3223 1088 3281 quaerens,
1123 3205 1263 3282 quia
1302 3169 1529 3266 susten*
1484 3195 1705 3266 civitati
1744 3207 2083 3268 animorum
2115 3211 2249 3285 plus

252 3325 303 3362 ³0
330 3319 509 3377 quam
565 3299 779 3359 virium
836 3301 1117 3360 cernebat
1180 3321 1326 3374 esse,
1387 3303 1465 3362 ad
1528 3301 1752 3362 bellum
1814 3305 2012 3380 palam
2068 3315 2248 3392 atque

329 3418 402 3458 ex
455 3397 655 3459 edicto
711 3401 1046 3477 gerundum
1101 3399 1249 3460 alios
1307 3395 1569 3460 concitat
1623 3403 1895 3479 popuIOS,
1957 3401 2117 3488 suis)
2142 3421 2249 3478 per

328 3496 590 3575 speciem
609 3496 1326 3608 societatis>proditionem
1348 3512 1617 3560 reservat.
1662 3501 1997 3574 FidenateS,
2012 3499 2247 3560 colonia
2278 3522 2311 3576 3

1926 3639 2081 3696 3-2
