2659 3942
334 193 410 232 20
1192 172 1403 231 Ην]
1432 136 1461 164 “

721 327 1100 391 [VIII—XVI.
1177 327 1279 377 The
1310 329 1453 392 reign
1485 327 1548 392 qf
1569 329 1857 391 Romula]

331 425 547 488 minaci
603 446 818 506 genere
872 445 1108 505 pugnae
1162 425 1573 506 adequitando
1628 426 1770 504 ipsis
1826 447 2014 505 prope
2060 426 2273 515 portis}

329 526 566 585 hostem
622 523 849 584 excivit.
951 525 1125 601 fugae
1181 543 1441 601 quoque,
1502 543 1656 601 quae
1712 524 2049 586 simulanda
2102 536 2240 598 erat,

329 624 542 702 eadem
584 621 872 702 equestris
913 641 1114 700 pugna
1155 641 1398 682 causam
1442 621 1639 682 minus
1682 621 2015 683 mirabilem
2058 622 2241 683 dedit.

265 730 302 786 8
330 734 390 782 et
417 723 745 788 cum,velut
782 720 936 780 inter
971 739 1207 798 pugnae
1244 722 1540 799 fugaeque
1568 720 1883 782 consilium
1907 721 2246 800 trepidante

328 820 622 901 equitatu,
644 819 829 897 pedes
870 838 1113 896 quoque
1163 820 1402 902 referret
1449 820 1715 897 gradum,
1758 819 1954 896 plenis
2003 830 2247 897 repente
2274 849 2299 887 5

328 917 513 996 portis
550 908 720 978 effusi
757 918 960 976 hostes
967 915 1254 1006 Jignpulsa
1294 919 1573 976 Romana
1598 915 1739 1001 acie
1756 916 1957 976 studio
1984 916 2245 977 instandi

263 1039 300 1096 9
329 1015 740 1094 sequendique
767 1016 1080 1074 trahuntur
1106 1016 1185 1075 ad
1213 1017 1415 1074 locum
1443 1014 1809 1076 insidiarum.
1874 1014 2018 1075 inde
2047 1014 2245 1076 subito

327 1113 514 1174 exorti
571 1113 832 1174 Romani
888 1124 1278 1190 transversam
1345 1112 1636 1172 invadunt
1699 1112 1964 1173 hostium
2016 1113 2246 1188 aciem3

265 1197 277 1239 ξ
327 1215 560 1275 addunt
613 1231 894 1290 pavorem
953 1223 1114 1272 mota
1169 1233 1204 1273 e
1259 1211 1465 1272 castris
1520 1212 1687 1291 signa
1741 1232 1965 1286 eorum,
2025 1210 2129 1289 qui
2182 1211 2246 1272 in

328 1309 625 1388 praesidio
669 1309 855 1369 relicti
905 1311 1172 1370 fuerant:
1229 1311 1311 1371 ita
1362 1311 1676 1391 multiplici
1722 1323 1943 1374 terrore
1988 1310 2246 1389 perculsi
2275 1324 2325 1365 το

331 1405 648 1467 Fidenates
689 1405 851 1483 prius
893 1425 1086 1483 paene
1128 1427 1310 1485 quam
1364 1411 1663 1469 Romulus
1711 1407 1935 1489 quique
1983 1428 2122 1494 cum
2171 1428 2247 1474 eo
2312 1445 2331 1460 ο

328 1504 560 1584 equites
607 1515 775 1565 erant
822 1503 1290 1583 circumagerent
1330 1505 1511 1567 frenis
1556 1493 1762 1584 equos,
1809 1489 1970 1585 terga
2010 1518 2247 1568 vertunt

230 1626 301 1664 ro
329 1606 640 1684 multoque
668 1602 926 1677 effusius,
952 1605 1176 1682 quippe
1204 1624 1343 1664 vera
1370 1606 1524 1682 fuga,
1558 1605 1662 1682 qui
1690 1604 2037 1666 simulantes
2064 1607 2246 1681 paulo

230 1723 254 1761 1
270 1723 294 1761 1
328 1713 469 1762 ante
532 1701 722 1762 secuti
785 1713 969 1775 erant,
1028 1701 1318 1779 oppidum
1390 1703 1756 1780 repetebant.
1863 1723 1989 1786 non
2043 1713 2246 1763 tamen

329 1797 596 1876 eripuere
635 1817 699 1857 se
736 1799 928 1857 hosti:
971 1798 1222 1858 haerens
1260 1797 1323 1876 in
1362 1809 1527 1876 tergo
1558 1800 1889 1881 Romanus!
1900 1799 2245 1876 priusquam
2274 1835 2321 1873 ις,

328 1900 485 1958 fores
513 1909 816 1975 portarum
846 1896 1415 1973 obicerenturvelut
1440 1897 1679 1976 agmine
1707 1918 1831 1959 uno
1858 1897 2143 1977 irrumpit.

210 1994 300 2062 15
453 1996 604 2058 Belli
655 1996 960 2056 Fidenatis
1009 1996 1368 2075 contagione
1416 1996 1622 2057 irritati
1670 1996 2015 2059 Veientium
2062 1996 2247 2058 animi

379 2151 474 2192 The
501 2164 597 2192 men
623 2151 674 2191 of
771 2109 831 2155 et
873 2093 1388 2172 consanguinitate
1432 2091 1597 2172 (nam
1642 2095 1962 2156 Fidenates
2004 2115 2246 2173 quoque

329 2209 426 2252 Veii
450 2223 522 2252 are
549 2209 609 2251 in·
774 2193 1011 2254 Etrusci
1047 2192 1329 2272 fuerunt),
1366 2203 1427 2254 et
1465 2194 1631 2270 quod
1668 2192 1797 2271 ipsa
1834 2192 2246 2272 propinquitas

328 2269 504 2310 ‘'⁰¹oeae
773 2291 906 2364 loci,
979 2290 1030 2350 si
1104 2294 1383 2351 Romana
1450 2310 1614 2350 arma
1683 2291 1965 2351 omnibus
2032 2290 2247 2352 infesta
2272 2323 2325 2350 ω

331 2389 597 2450 finitimis
646 2400 861 2462 essent,
911 2388 1270 2462 stimulabat,
1314 2388 1378 2447 in
1424 2390 1575 2448 fines
1618 2391 1929 2450 Romanos
1971 2375 2247 2449 eirenem·-

268 2505 299 2543 2
332 2498 531 2548 rerunt
564 2485 980 2568 populabundi
1008 2484 1195 2563 magis
1225 2505 1407 2563 quam
1434 2485 1575 2548 iusti
1604 2505 1769 2546 more
1797 2485 1956 2548 belli.
2041 2485 2247 2563 itaque

332 2604 456 2644 non
521 2583 725 2643 castris
790 2579 1014 2662 positis,
1079 2601 1203 2642 non
1269 2593 1612 2662 exspectato
1667 2581 1931 2643 hostium
1987 2581 2245 2642 exercitu

231 2699 238 2736 :
331 2693 561 2759 raptam
635 2700 710 2740 ex
781 2678 934 2757 agris
1009 2680 1294 2756 praedam
1371 2691 1675 2756 portantes
1744 2678 1929 2739 Veios
1994 2679 2241 2750 “diem

334 2785 648 2842 Romanus
684 2790 908 2852 contra,
941 2789 1261 2856 postquam
1300 2779 1537 2837 hostem
1575 2777 1638 2836 in
1666 2776 1819 2855 agris
1848 2798 1972 2839 non
2000 2777 2241 2852 invenit,
2273 2817 2322 2854 25

332 2875 703 2939 dimicationi
723 2874 966 2935 ultimae
987 2874 1310 2933 instructus
1332 2873 1715 2950 intentusque
1734 2874 1999 2935 Tiberim
2019 2875 2242 2937 transit.

268 3001 303 3059 3
333 2996 513 3054 quem
552 2986 872 3052 postquam
910 2983 1102 3032 castra
1138 2991 1363 3050 ponere
1400 2982 1460 3032 et
1497 2974 1575 3032 ad
1614 2972 1826 3033 urbem
1868 2993 2245 3034 accessurum

333 3074 617 3136 Veientes
655 3071 950 3144 audivere,
993 3069 1232 3131 obviam
1270 3070 1505 3148 egressi,
1542 3083 1609 3131 ut
1646 3071 1846 3148 potius
1882 3071 2012 3132 acie
2048 3073 2248 3133 decer-

335 3184 560 3247 nerent,
603 3191 784 3249 quam
823 3169 1035 3230 inclusi
1069 3171 1153 3251 ‘de
1190 3168 1363 3228 tectis
1402 3169 1838 3247 moenibusque
1876 3169 2243 3231 dimicarent.

267 3293 308 3350 4
411 3336 422 3346 ‚
777 3268 860 3329 ibi
889 3268 1110 3328 viribus
1141 3270 1304 3328 nulla
1332 3279 1457 3328 arte
1484 3267 1966 3352 adiutistantum
1987 3271 2248 3338 veterani
2274 3305 2329 3342 30

335 3336 447 3378 ‘¹¹⁶¹‘
471 3335 625 3377 defeat
778 3369 990 3428 robore
1033 3367 1322 3427 exercitus
1366 3387 1467 3427 rex
1509 3369 1823 3428 Romanus
1860 3368 2016 3442 vicit,
2057 3389 2252 3448 perse-

333 3481 628 3546 cutusque
674 3470 839 3527 fusos
879 3469 957 3527 ad
1001 3465 1238 3526 moenia
1279 3468 1484 3526 hostes
1526 3467 1675 3526 urbe
1715 3466 1912 3526 valida
1952 3467 2137 3528 muris
2176 3488 2248 3529 ac

2384 2508 2572 2679 Ἀ
