2659 3942
1073 213 1360 272 LIBER
1414 214 1465 271 J.
2189 219 2219 285 5

309 372 538 434 [1--111.
622 374 672 422 Τ
661 375 722 422 lte
748 373 938 436 legends
959 369 1022 434 qf
1049 372 1099 420 T
1088 372 1235 434 rojan
1259 371 1530 433 messqration
1553 372 1661 419 and
1676 371 1943 420 settlement
1966 372 2023 418 t’n
2050 369 2227 431 Italy]

312 469 672 549 Aborigines
722 468 1088 548 Troianique
1139 471 1357 529 ducem
1405 469 1683 530 Latinum
1734 469 1998 532 amisere.
2085 467 2227 529 inde
2254 482 2287 537 3

313 573 556 631 Turnus
601 569 930 647 Rutulique
969 566 1149 648 „diffisi
1190 568 1369 628 rebus
1410 570 1490 629 ad
1528 570 1805 629 florentes
1844 589 1988 648 opes
2030 570 2229 627 Etrus-

313 689 523 730 corum
597 667 1085 745 Mezentiumque
1122 644 1622 755 {Eefff‘eorum
1689 667 2055 745 confugiunt,
2125 665 2229 744 qui

315 769 524 843 Caere,
576 770 863 876 opulento
913 778 1041 827 tum
1091 764 1338 844 oppid0‚
1390 764 1752 873 imperitam,
1800 765 1918 825 iam
1963 764 2106 825 inde
2150 763 2229 824 ab

263 887 287 924 s
315 865 487 926 initio
529 863 776 924 minime
817 865 1007 924 laetus
1050 882 1243 926 novae
1285 861 1511 940 origine
1553 861 1732 935 urbiS‚
1775 872 1835 922 et
1876 873 2002 922 tum
2042 858 2229 921 nimio

315 965 450 1040 plus
516 982 696 1040 quam
764 961 904 1022 satis
971 971 1166 1020 tutum
1232 971 1389 1020 esset
1701 909 1885 1020 rste'lii
1897 923 2228 1018 Troianam

317 1081 582 1121 crescere
619 1071 794 1133 ratuS,
827 1060 991 1119 haud
1028 1057 1313 1137 gravatim
1352 1057 1515 1118 socia
1551 1078 1715 1117 arma
1754 1056 1992 1117 Rutulis
2020 1055 2225 1116 iunxit.

316 1162 572 1231 Aeneam,
603 1159 884 1218 adversus
923 1155 1072 1217 tanti
1105 1155 1246 1216 belli
1283 1139 1566 1216 terrorem
1606 1166 1672 1216 ut
1700 1153 1933 1226 animos
1959 1152 2232 1232 Aborigi-
2258 1167 2297 1222 4

317 1275 465 1315 num
521 1253 636 1315 sibi
690 1253 1048 1327 conciliaret,
1101 1272 1214 1312 nec
1269 1252 1385 1311 sub
1433 1251 1650 1312 eodem
1699 1251 1826 1312 iure
1875 1254 2071 1312 solum
2120 1252 2229 1311 sed

243 1381 294 1406 10
318 1353 499 1414 etiam
543 1352 787 1413 nomine
830 1371 1040 1412 omnes
1083 1361 1299 1422 essent,
1347 1350 1594 1410 Latinos
1636 1362 1949 1428 utramque
1990 1361 2251 1429 geer-i„

317 1449 650 1530 appellavit.
739 1469 851 1510 nec
901 1448 1121 1510 deinde
1171 1448 1527 1528 Aborigines
1576 1449 1850 1518 Troianis
1905 1450 2105 1511 studio
2161 1470 2232 1509 ac
2260 1465 2291 1525 5

319 1551 441 1610 fide
453 1568 620 1634 gga
660 1567 859 1626 regem
902 1551 1172 1608 Aeneam
1217 1567 1462 1607 cessere.
1550 1547 1854 1630 fretusque
1888 1547 1980 1607 his
2018 1546 2231 1607 animis

319 1631 785 1707 coalescentium
822 1644 886 1705 in
924 1644 1052 1706 dies
1081 1645 1267 1724 magis
1297 1646 1555 1706 duorum
1584 1648 1950 1724 populorum,
1973 1649 2228 1720 AeneaS,

320 1763 687 1824 quamquam
725 1755 892 1803 tanta
928 1743 1146 1822 opibus
1188 1743 1423 1804 Etruria
1460 1756 1600 1818 erat,
1632 1755 1699 1805 ut
1735 1744 1868 1809 iam.
1893 1764 2017 1805 non
2052 1756 2232 1805 terras

245 1873 291 1910 ις,
321 1846 516 1904 solum
555 1845 663 1905 sed
698 1864 860 1903 mare
889 1842 1068 1904 etiam
1097 1863 1203 1920 per
1231 1855 1422 1903 totam
1453 1843 1660 1904 Italiae
1689 1843 2127 1922 longitudinem
2154 1844 2232 1904 ab

322 1939 577 2019 Alpibus
615 1941 695 2001 ad
733 1942 948 2001 fretum
987 1939 1255 2000 Siculum
1293 1942 1453 2000 fama
1490 1940 1750 2002 nominis
1789 1939 1880 2002 sui
1909 1941 2229 2020 implesset,

321 2051 540 2114 tamen,
566 2060 706 2100 cum
735 2038 1052 2100 moenibus
1081 2039 1305 2099 bellum
1336 2042 1681 2118 propulsare
1709 2052 1925 2119 posset,
1951 2040 2013 2100 in
2041 2039 2231 2100 aciem

321 2139 524 2217 copias
552 2136 772 2199 eduxit.
859 2137 1192 2197 secundum
1221 2135 1365 2196 inde
1392 2136 1684 2214 proelium
1715 2136 1957 2211 LatiniS‚
1990 2141 2234 2199 Aeneae
2261 2141 2297 2196 6

322 2236 502 2298 etiam
540 2235 816 2296 ultimum
857 2253 1107 2311 operum
1137 2233 1478 2294 mortalium
1508 2234 1631 2294 fuit.
1719 2234 1865 2296 situs
1894 2246 1999 2309 est,
2033 2256 2236 2314 quem-

248 2361 298 2389 ω
324 2355 582 2414 cumque
611 2354 750 2395 eum
781 2330 944 2392 dici
928 2351 1020 2392 1us
1049 2334 1257 2410 fasque
1279 2343 1384 2406 est,
1412 2353 1588 2411 super
1610 2333 1938 2394 Numicum
1961 2333 2206 2394 fluvium
2218 2357 2235 2410 3

326 2433 534 2494 Iovem
565 2425 904 2510 In'digetem
933 2432 1252 2508 appellant.

445 2530 738 2590 Nondum
805 2538 1070 2606 [κως
1126 2509 1377 2605 imperio
1432 2526 1727 2587 Ascanius
1784 2531 2025 2590 Aeneae
2081 2529 2235 2590 filius
2266 2533 2311 2600 3

325 2639 484 2701 erat3
538 2638 742 2687 tamen
791 2625 856 2686 id
903 2625 1220 2704 imperium
1269 2625 1324 2686 ei
1372 2628 1452 2686 ad
1493 2626 1783 2704 puberem
1900 2684 2111 2727 Ascanius

324 2737 580 2786 aetatem
617 2724 920 2784 incolume
959 2723 1191 2784 mansit.
1278 2724 1565 2804 tantisper
1598 2729 1783 2788 tutela
1851 2741 2003 2784 founds
2027 2743 2138 2785 Alba

251 2848 298 2886 25
327 2822 616 2897 muliebri,
675 2833 840 2883 tanta
903 2821 1137 2882 indoles
1202 2821 1263 2882 in
1332 2823 1579 2883 Lavinia
1639 2837 1779 2899 erat,
1853 2801 2014 2852 ΜΨ·

327 2943 418 2984 res
462 2920 676 2983 Latina
717 2933 775 2982 et
813 2941 1062 2998 regnum
1099 2921 1322 2981 avitum
1362 2935 1796 3002 paternumque
1833 2945 2019 3003 puero
2057 2926 2235 2988 stetit.

328 3022 490 3081 haud
567 3018 868 3110 ambigam
945 3017 1106 3097 (quis
1185 3018 1347 3079 enim
1415 3017 1540 3080 r'em
1610 3032 1732 3081 tam
1799 3035 2060 3083 veterem
2128 3045 2238 3103 pro
2271 3042 2301 3080 2

327 3130 490 3179 certo
526 3118 800 3178 adfirmet
817 3115 869 3194 ?)
914 3115 1112 3176 hicine
1150 3116 1324 3176 fuerit
1361 3116 1672 3191 Ascanius,
1714 3138 1791 3177 an
1830 3120 2019 3180 maior
2056 3142 2237 3200 quam
2256 3191 2270 3199 ,
2300 3164 2310 3176 ,
2351 3177 2373 3199 Ἰ

327 3215 440 3289 hic,
489 3215 717 3276 Creusa
764 3225 950 3282 matre
1002 3211 1116 3272 Ilio
1165 3211 1454 3274 incolumi
1503 3225 1676 3274 natus
1726 3221 2051 3294 comesque
2096 3219 2239 3280 inde
2307 3244 2351 3479 ἱ

2336 1599 2362 1629 ⁴
2414 1591 2525 1634 5-st

256 3342 304 3380 30
328 3323 606 3390 paternae
649 3309 838 3388 fugae,
880 3328 1060 3387 quem
1106 3311 1306 3370 Iulum
1351 3297 1611 3371 eundem
1658 3311 1811 3371 Iulia
1850 3333 1996 3392 gens
2038 3328 2238 3377 aucto-

331 3431 452 3486 rem
490 3407 752 3470 nominis
791 3407 882 3478 sui
920 3418 1242 3490 nuncupat.
1302 3407 1382 3467 *is
1420 3407 1730 3483 Ascanius,
1773 3410 2139 3490 ubicumque
2178 3426 2237 3476 et
2270 3431 2305 3487 3

332 3526 708 3586 quacumque
748 3517 936 3566 matre
975 3505 1210 3583 genitus
1254 3504 1441 3584 (certe
1483 3517 1691 3566 natum
1719 3511 1929 3567 Aenea
1956 3511 2236 3591 constat),

2186 1543 2209 1558 ‘²
2273 1521 2387 1587 (Ql=f
2437 1543 2495 1577 ng
2516 1537 2567 1563 «ἢ
