2659 3942
407 178 484 235 26
1268 180 1374 238 LI
1379 180 1477 239 VJ

652 334 1083 397 [XVIII—XXI.
1162 335 1262 384 ne
1293 336 1435 398 magn
1468 333 1530 399 of
1551 335 1730 384 Numa
1763 336 2087 400 Pompilius]

216 503 227 511 ,
272 489 291 504 „
345 431 380 486 6
528 434 731 511 Atque
769 432 1040 494 omnium
1073 433 1333 512 primum
1362 435 1441 495 ad
1470 437 1676 494 cursus
1705 437 1883 494 lunae
1910 433 1973 493 in
2002 433 2327 540 duodecim

457 581 552 622 The
579 595 780 633 mange·
849 550 1085 591 menses
1107 529 1378 591 discribit
1399 551 1625 590 annum
1639 553 1655 605 ;
1685 550 1883 608 quem,
1906 530 2047 609 quia
2067 505 2327 591 triceiios

407 649 524 681 ment
550 640 599 682 of
620 641 693 682 the
853 629 982 690 dies
1048 629 1295 708 singulis
1362 629 1669 690 mensibus
1732 632 1874 690 luna
1929 649 2053 690 non
2109 632 2324 707 explet,

407 699 616 740 “lenda
850 729 1188 805 desuntque
1237 727 1368 788 dies
1418 728 1614 789 solido
1662 748 1841 802 anno,
1887 728 1991 808 qui
2034 726 2329 788 solstitiali

307 862 316 886 ι
409 824 824 903 circumagitur
872 826 1034 901 orbe,
1087 811 1472 887 intercalariis
1522 827 1829 888 mensibus
1876 827 2328 906 interponendis
2358 851 2384 889 s

410 924 492 984 ita
547 923 929 1008 dispensavit,
983 933 1054 984 ut
1103 923 1392 985 vicesimo
1446 945 1609 986 anno
1665 927 1744 1010 ad
1800 937 2023 986 metam
2072 927 2329 987 eandem

411 1021 568 1096 soliS,
615 1024 779 1082 unde
820 1021 938 1084 orsi
979 1033 1205 1096 essent,
1240 1021 1433 1100 plenis
1474 1005 1746 1083 omnium
1788 1043 2083 1084 annorum
2126 1023 2329 1103 spatiis

352 1138 382 1196 7
412 1121 542 1184 dies
599 1111 1008 1199 congruerent.
1095 1121 1258 1182 idern
1315 1123 1577 1182 nefastos
1634 1125 1763 1183 dies
1818 1125 2123 1200 fastosque
2169 1122 2325 1196 fecit,

285 1254 321 1264 ω
353 1218 556 1299 >quia
582 1218 908 1296 aliquando
937 1207 1253 1290 nihffcum
1281 1222 1511 1298 populo
1539 1219 1634 1298 agi
1663 1219 1806 1279 utile
1835 1221 2102 1298 futurum
2131 1231 2270 1280 erat.

297 1310 390 1379 20
537 1316 698 1374 Tum
747 1315 1156 1375 sacerdotibus
1205 1315 1479 1376 creandis
1528 1315 1794 1376 animum
1844 1315 2079 1390 adiecit,
2129 1335 2333 1393 quam-
2362 1338 2414 1367 10

417 1433 598 1492 quam
636 1413 762 1492 ipse
800 1414 1055 1492 plurima
1091 1435 1258 1474 sacra
1296 1415 1519 1487 obibat,
1562 1435 1635 1476 ea
1676 1414 1932 1475 maxime
1973 1434 2128 1492 quae
2170 1434 2331 1474 nunc

355 1529 384 1566 2
414 1514 493 1572 ad
551 1511 787 1572 Dialem
844 1512 1148 1573 flaminem
1205 1513 1518 1591 pertinent.
1614 1515 1723 1574 sed
1780 1512 1922 1590 quia
1976 1514 2038 1572 in
2094 1512 2333 1573 civitate

415 1593 700 1671 bellicosa
763 1597 960 1689 plures
1029 1610 1275 1671 Romuli
1342 1631 1524 1688 quam
1593 1613 1832 1671 Numae
1888 1609 2110 1670 similes
2166 1629 2331 1688 reges

465 1761 560 1802 The
588 1761 754 1802 instim-
859 1709 1109 1786 putabat
1157 1708 1298 1781 fore,
1349 1708 1657 1786 iturosque
1672 1708 1867 1794 ..ipsos
1915 1710 1994 1769 ad
2037 1709 2209 1780 bella,
2255 1727 2333 1767 ne

305 1847 317 1861 -
417 1820 506 1862 tion
531 1820 581 1861 of
603 1819 676 1861 the
862 1827 1027 1868 sacra
1090 1807 1285 1885 regiae
1340 1806 1485 1866 vicis
1546 1808 1971 1881 desererentur,
2032 1806 2333 1866 flaminem
2367 1834 2417 1870 ιε

329 1911 338 1918 ’
421 1879 632 1930 Fhmem’
865 1905 994 1965 Iovi
1036 1891 1368 1965 adsiduum*
1402 1907 1777 1965 sacerdotem
1820 1904 2054 1978 creavit,
2099 1903 2336 1982 insigni-

420 2024 538 2082 que
567 2023 706 2064 eum
734 2013 899 2064 veste
928 2013 988 2063 et
1017 2002 1206 2062 curuli
1235 2003 1395 2080 regia
1424 2005 1568 2063 sella
1595 2002 1923 2062 adornavit.
2011 2001 2153 2062 huic
2182 2003 2335 2062 duos

356 2121 391 2179 3
420 2100 691 2162 flamines
728 2099 962 2174 adiecit,
999 2099 1180 2159 Marti
1208 2119 1415 2174 unum,
1446 2102 1699 2160 alterum
1731 2100 1987 2175 Quirino
2007 2123 2025 2175 3
2064 2099 2337 2177 virgines-

421 2219 539 2277 que
580 2201 801 2278 Vestae
851 2197 1006 2276 legit,
1053 2197 1212 2258 Alba
1261 2196 1585 2257 oriundum
1635 2197 2035 2258 sacerdotium
2076 2195 2338 2286 &359ss
2395 2185 2422 2217 ⁸⁸

421 2297 747 2359 conditoris
769 2298 932 2357 haud
953 2295 1231 2356 alienum.
1303 2295 1392 2368 iis,
1419 2306 1485 2354 ut
1504 2294 1794 2356 adsiduae
1815 2295 2025 2373 templi
2044 2277 2424 2357 antistitesffm

423 2408 636 2470 essent,
670 2395 1036 2475 stipendium
1074 2396 1152 2454 de
1189 2394 1434 2475 publico
1474 2393 1694 2468 statuit,
1726 2393 2057 2473 virginitate
2090 2394 2341 2472 aliisque

360 2516 398 2570 4
422 2471 802 2557 caerimoniis
853 2492 1220 2552 venerabiles
1275 2513 1347 2553 ac
1403 2503 1638 2553 sanctas
1693 2493 1848 2553 fecit.
1952 2492 2140 2554 Salios
2196 2491 2340 2552 item

865 2590 1189 2651 duodecim
1242 2591 1424 2651 Marti
1474 2591 1737 2653 Gradivo
1780 2591 1937 2670 legit,
1965 2590 2343 2681 tunicaeque

860 2688 1060 2775 pictae
1076 2688 1313 2774 ‘insignss
1337 2689 1505 2750 dedit
1526 2700 1587 2750 et
1608 2708 1785 2768 super
1804 2689 2068 2750 tunicam
2086 2708 2341 2750 aeneum

425 2787 653 2870 pectori
695 2769 991 2866 tegumen,
1034 2785 1431 2865 caelestiaque
1472 2805 1653 2859 arma,
1697 2805 1851 2863 quae
1891 2785 2105 2865 ancilia
2145 2787 2345 2864 appel·
2374 2816 2427 2854 25

425 2892 636 2962 lantur,
688 2888 837 2947 ferre
891 2904 964 2944 ac
1012 2903 1118 2962 per
1166 2883 1377 2943 urbem
1425 2881 1510 2942 ire
1558 2893 1843 2943 canentes
1891 2882 2155 2943 carmina
2198 2901 2343 2962 cum

366 3005 396 3064 5
427 2984 698 3065 tripudiis
748 2980 1144 3059 sollemnique
1193 2952 1408 3040 saltatu
1455 2978 1641 3040 iussit.
1728 2979 2075 3057 pontificem
2122 2978 2344 3040 deinde

870 3083 1136 3140 Numam
1180 3078 1477 3138 Marcium
1519 3078 1711 3139 Marci
1745 3077 1933 3139 filium
1969 3099 2041 3140 ex
2078 3077 2345 3157 patribus

870 3178 1026 3256 legit,
1059 3177 1234 3254 eique
1269 3197 1443 3260 sacra
1473 3176 1678 3238 omnia
1706 3176 1998 3257 exscripta
2024 3175 2347 3254 exsignata-

429 3300 548 3362 que
603 3275 884 3349 attribuit,
946 3274 1164 3353 quibus
1219 3273 1445 3347 hostiiS,
1506 3273 1725 3356 quibus
1782 3273 2014 3347 diebuS,
2065 3274 2143 3332 ad
2193 3290 2347 3348 quae
2380 3303 2434 3342 30

423 3357 652 3456 templa
691 3395 855 3436 sacra
894 3376 1118 3447 fierent,
1150 3384 1333 3450 atque
1372 3374 1534 3433 unde
1565 3371 1629 3432 in
1658 3392 1763 3434 eos
1792 3383 2065 3456 sumptus
2094 3369 2350 3449 pecunia

367 3483 402 3539 6
431 3484 783 3553 erogaretur.
890 3482 1085 3532 cetera
1149 3489 1394 3548 quoque
1449 3469 1655 3530 omnia
1708 3468 1949 3549 publica
2004 3466 2351 3546 privataque

424 2655 498 2696 the
524 2651 643 2702 Salii,

427 3149 501 3190 the
528 3147 735 3190 Pontifex.
