2659 3942
1088 187 1375 247 LIBER
1428 190 1481 248 I.
2206 199 2237 261 7

529 345 1116 410 [IV—V11.3.Tke
1147 353 1282 410 story
1311 347 1377 411 os
1398 345 1646 395 Romulus
1675 343 1787 393 and
1811 343 2041 406 Remus-J

455 444 576 505 Sed
630 444 974 556 debebatur,
1035 456 1101 504 ut
1156 444 1385 523 opinor,
1432 443 1571 526 fatis
1619 454 1820 504 tantae
1868 441 2035 520 origo
2081 439 2243 501 urbis
2273 444 2316 512 4

333 539 697 650 maximique
735 517 1066 602 secundum
1106 543 1357 603 deorum
1366 561 1533 640 opes
1560 539 1790 620 imperii
1910 569 2007 612 The
2026 569 2129 612 wi„
2146 581 2247 612 sons

332 637 708 716 principium.
809 659 868 698 v1
933 660 1273 719 compressa
1332 625 1595 703 Vestalis
1650 658 1790 699 cum
1858 629 1908 672 ‘³‘
1920 630 2016 672 ¹³⁶²
2034 628 2167 672 3¹¹V¹²
2276 659 2307 698 2

330 736 639 814 geminum
679 749 915 816 partum
959 738 1260 831 edidisset,
1307 758 1413 799 seu
1455 738 1539 799 ita
1579 748 1719 811 rata,
1765 757 1871 798 seu
1914 737 2055 814 quia
2096 739 2245 798 deus

281 854 307 894 s
331 845 540 896 auctor
594 837 807 915 culpae
862 807 1169 897 honestior
1188 820 1363 911 erat,
1427 839 1686 897 Martem
1742 834 2001 896 incertae
2050 834 2245 912 stirpis
2273 857 2307 914 3

333 942 562 1010 patrem
611 944 935 1012 nuncupat.
1022 934 1130 993 sed
1172 953 1286 994 nec
1327 933 1392 994 di
1434 953 1547 994 nec
1589 925 1864 993 homines
1908 942 2013 992 aut
2052 931 2245 1010 ipsam

332 1041 439 1091 aut
507 1033 750 1110 stirpem
811 1053 850 1092 a
909 1032 1259 1093 crudelitate
1321 1031 1479 1111 regia
1541 1033 1861 1092 vindicant.
1968 1033 2245 1094 sacerdos

334 1130 532 1191 vincta
559 1133 622 1191 in
650 1133 985 1194 custodiam
1014 1135 1224 1194 datur:
1267 1151 1483 1211 pueros
1511 1131 1575 1191 in
1603 1133 1997 1210 profluentem
2026 1150 2244 1209 aquam

336 1227 491 1288 mitti
526 1228 706 1289 iubet.
794 1232 943 1314 forte
983 1233 1244 1310 quadam
1283 1230 1566 1290 divinitus
1605 1249 1781 1307 super
1818 1228 1973 1308 ripas
2013 1203 2349 1601 Tiberis}

261 1355 310 1382 10
335 1327 554 1385 effusus
591 1325 826 1386 lenibus
863 1327 1084 1406 stagnis
1123 1347 1236 1387 nec
1273 1326 1425 1387 adiri
1452 1346 1705 1404 usquam
1733 1327 1812 1386 ad
1840 1325 1979 1386 iusti
2006 1345 2247 1386 cursum

334 1433 564 1516 poterat
611 1425 821 1497 amnis,
875 1434 934 1484 et
975 1444 1160 1503 posse
1209 1422 1481 1501 quamvis
1530 1422 1811 1502 languida
1859 1443 2044 1501 mergi
2090 1442 2248 1501 aqua

334 1519 588 1580 infantes
625 1541 795 1599 spem
836 1522 1161 1581 ferentibus
1199 1511 1399 1582 dabat.
1484 1519 1568 1580 ita
1604 1523 1765 1580 velut
1802 1520 2069 1581 defuncti
2098 1539 2248 1598 regls

4 1617 194 1717 900&
335 1619 582 1700 imperio
637 1619 700 1680 in
748 1619 1015 1698 proxima
1062 1620 1294 1698 alluvie,
1346 1620 1449 1681 ubi
1499 1639 1661 1680 nunc
1687 1621 1873 1704 Q
1909 1619 2247 1679 Ruminalis
2289 1660 2304 1691 s

334 1729 424 1778 est
443 1716 857 1796 (Romularem
875 1730 1148 1779 vocatam
1165 1716 1404 1798 ferunt),
1426 1737 1643 1797 pueros
1664 1730 1987 1796 exponunt.
2048 1729 2247 1778 vastae
2275 1717 2310 1772 6
2370 1724 2375 1736 '

261 1843 308 1879 ιε
333 1827 462 1876 tum
510 1815 573 1876 in
621 1815 714 1875 his
763 1816 910 1877 locis
959 1818 1312 1878 solitudines
1362 1827 1545 1877 erant.
1632 1827 1796 1877 tenet
1862 1860 1937 1888 a„
1962 1847 2150 1899 exposed
2176 1847 2219 1888 ὴ,

335 1916 506 1988 fama,
539 1934 678 1974 cum
717 1914 1050 1975 fluitantem
1087 1917 1342 2007 alveum,
1385 1934 1507 1992 quo
1544 1914 1795 1993 expositi
1863 1907 1937 1949 ‘¹¹⁶
1962 1905 2107 1957 '¹³¹³‘

334 2024 501 2072 erant
564 2012 747 2090 pueri,
804 1995 1002 2121 Q
1030 2033 1128 2102 .¹.¹.¹.
1162 2012 1338 2121 §.5220
1393 2032 1550 2090 aqua
1606 2011 1985 2086 destituisset,
2044 2014 2247 2089 lupam

335 2111 631 2170 sitientem
659 2129 734 2170 ex
760 2110 1065 2171 montibus
1094 2110 1198 2187 qui
1226 2109 1383 2170 circa
1412 2120 1549 2170 sunt
1578 2110 1656 2170 ad
1677 2107 1964 2186 puerilem
1988 2095 2246 2185 vagitum
2293 2185 2298 2190 ι

335 2225 572 2266 cursum
601 2205 868 2282 flexisse,
917 2227 1052 2267 eam
1093 2207 1439 2268 summissas
1480 2205 1805 2266 infantibus
1848 2206 2002 2265 adeo
2040 2203 2246 2264 mitem

258 2336 309 2365 ω
334 2304 676 2392 praebuisse
703 2325 1012 2380 mammas,
1025 2309 1106 2366 'ut
1125 2306 1327 2384 lingua
1348 2305 1713 2368 lambentem
1734 2323 1951 2382 pueros
1972 2303 2248 2389 magister

335 2402 476 2481 regii
543 2403 776 2481 pecoris
845 2403 1152 2464 invenerit.
1260 2404 1545 2463 Faustulo
1613 2400 1795 2462 fuisse
1855 2433 1939 2474 but
1965 2432 2143 2474 remed
2169 2432 2229 2482 by

336 2521 556 2561 nomen
594 2504 806 2562 ferunt.
892 2503 971 2562 ab
1009 2522 1084 2563 eo
1111 2503 1190 2584 ad
1218 2503 1453 2567 stabula
1482 2500 1793 2561 Larentiae
1865 2490 2108 2540 F²¹²⁵m¹¹¹⁵’
2276 2521 2306 2578 7

335 2597 503 2659 uxori
556 2600 906 2660 educandos
962 2601 1153 2661 datos,
1255 2611 1398 2660 sunt
1453 2598 1557 2676 qui
1614 2597 1952 2658 Larentiam
2008 2599 2247 2682 yulgato

337 2716 581 2779 corpore
646 2699 848 2775 lupam
916 2697 1068 2758 inter
1130 2709 1397 2776 pastores
1453 2707 1725 2757 vocatam
1790 2707 2037 2774 putent,
2104 2695 2247 2756 inde

258 2832 310 2869 25
335 2795 532 2854 locum
590 2794 826 2854 fabulae
881 2815 953 2855 ac
1009 2795 1296 2856 miraculo
1353 2797 1577 2856 datum.
1672 2794 1753 2854 ita
1808 2793 1990 2873 geniti
2045 2793 2247 2871 itaque
2274 2800 2309 2855 8

335 2892 588 2966 educati,
621 2912 758 2952 cum
797 2891 1056 2971 primurn
1094 2893 1356 2974 adolevit
1394 2905 1571 2967 aetaS,
1606 2913 1719 2953 nec
1757 2895 1819 2953 in
1858 2891 2104 2952 stabulis
2134 2913 2247 2954 nec

334 2991 412 3050 ad
449 3009 667 3068 pecora
705 2971 939 3083 segnes
943 2993 1221 3052 venando
1258 3010 1565 3099 peragrare
1592 2992 1791 3050 saltus,
1920 3053 1950 3094 d
2002 3053 2031 3094 d
2160 3054 2200 3096 (L

337 3088 476 3149 hinc
524 3089 739 3149 robore
789 3089 1134 3166 corporibus
1178 3086 1515 3166 animisque
1555 3099 1796 3195 sumpto
1864 3066 1919 3093 ω’
1977 3067 2001 3094 ⁶
2033 3061 2159 3095 παῖε
2278 3117 2311 3171 9

338 3185 457 3245 iam
495 3205 617 3245 non
657 3187 810 3244 feras
847 3195 1080 3244 tantum
1118 3184 1455 3258 subsistere,
1488 3186 1595 3244 sed
1633 3184 1695 3243 in
1733 3187 1991 3244 latrones
2028 3187 2251 3263 praeda

255 3317 312 3354 30
337 3293 584 3342 onustos
622 3279 885 3356 impetus
904 3265 1130 3354 facere,
1162 3279 1622 3358 pastoribusque
1660 3292 1827 3359 rapta
1866 3281 2147 3354 dividere,
2190 3293 2249 3341 et

339 3398 475 3438 cum
513 3369 576 3437 131
556 3398 624 3478 1ss
643 3387 949 3482 crescente
987 3377 1049 3436 in
1088 3377 1216 3438 dies
1254 3375 1357 3454 gre
1396 3397 1430 3437 e
1468 3377 1750 3437 iuvenum
1757 3377 1961 3469 {Es-¹2?-
1974 3396 2045 3436 ac
2076 3376 2257 3468 Q

339 3475 650 3550 celebrare.
