<?xml version="1.0" encoding="UTF-8"?>
<!DOCTYPE html PUBLIC "-//W3C//DTD XHTML 1.0 Transitional//EN"
    "http://www.w3.org/TR/xhtml1/DTD/xhtml1-transitional.dtd">
<html xmlns="http://www.w3.org/1999/xhtml" xml:lang="en" lang="en">
 <head>
  <title>
</title>
<meta http-equiv="Content-Type" content="text/html;charset=utf-8" />
  <meta name='ocr-system' content='tesseract 3.04.00' />
  <meta name='ocr-capabilities' content='ocr_page ocr_carea ocr_par ocr_line ocrx_word'/>
</head>
<body>
  <div class='ocr_page' id='page_1' title='image "./titiliviabvrbec00edwagoog_0134.png"; bbox 0 0 2659 3942; ppageno 0'>
   <div class='ocr_carea' id='block_1_1' title="bbox 415 194 1471 252">
    <p class='ocr_par' dir='ltr' id='par_1_1' title="bbox 415 194 1471 252">
     <span class='ocr_line' id='line_1_1' title="bbox 415 194 1471 252; baseline -0.001 0"><span class='ocrx_word' id='word_1_1' title='bbox 415 196 492 252; x_wconf 91' lang='lat'><strong>66</strong></span> <span class='ocrx_word' id='word_1_2' title='bbox 897 208 904 215; x_wconf 88' lang='lat'>·</span> <span class='ocrx_word' id='word_1_3' title='bbox 1269 194 1375 252; x_wconf 88' lang='lat' dir='ltr'><strong>LI</strong></span> <span class='ocrx_word' id='word_1_4' title='bbox 1381 194 1471 251; x_wconf 90' lang='lat' dir='ltr'><strong>VI</strong></span> 
     </span>
    </p>
   </div>
   <div class='ocr_carea' id='block_1_2' title="bbox 418 347 2329 526">
    <p class='ocr_par' dir='ltr' id='par_1_2' title="bbox 418 347 2329 526">
     <span class='ocr_line' id='line_1_2' title="bbox 625 347 2126 414; baseline 0 -16"><span class='ocrx_word' id='word_1_5' title='bbox 625 349 1008 411; x_wconf 85' lang='lat' dir='ltr'><strong>[XL1x-Lx.</strong></span> <span class='ocrx_word' id='word_1_6' title='bbox 1086 350 1137 397; x_wconf 90' lang='lat' dir='ltr'><em>T</em></span> <span class='ocrx_word' id='word_1_7' title='bbox 1127 349 1186 397; x_wconf 76' lang='lat' dir='ltr'><strong>he</strong></span> <span class='ocrx_word' id='word_1_8' title='bbox 1219 350 1363 412; x_wconf 63' lang='lat' dir='ltr'><strong>reigm</strong></span> <span class='ocrx_word' id='word_1_9' title='bbox 1395 348 1457 413; x_wconf 70' lang='lat' dir='ltr'><strong>qf</strong></span> <span class='ocrx_word' id='word_1_10' title='bbox 1486 348 1803 413; x_wconf 77' lang='lat' dir='ltr'><em>Tarquinius</em></span> <span class='ocrx_word' id='word_1_11' title='bbox 1834 347 2126 414; x_wconf 60' lang='lat' dir='ltr'><strong>Superbus]</strong></span> 
     </span>
     <span class='ocr_line' id='line_1_3' title="bbox 418 444 2329 526; baseline -0.001 -19"><span class='ocrx_word' id='word_1_12' title='bbox 418 469 542 511; x_wconf 88' lang='lat' dir='ltr'><strong>rem</strong></span> <span class='ocrx_word' id='word_1_13' title='bbox 598 468 746 523; x_wconf 88' lang='lat' dir='ltr'><strong>esse,</strong></span> <span class='ocrx_word' id='word_1_14' title='bbox 799 449 966 526; x_wconf 89' lang='lat' dir='ltr'><strong>quod</strong></span> <span class='ocrx_word' id='word_1_15' title='bbox 1021 458 1228 512; x_wconf 81' lang='lat' dir='ltr'><strong>auctor</strong></span> <span class='ocrx_word' id='word_1_16' title='bbox 1277 446 1516 510; x_wconf 87' lang='lat' dir='ltr'><strong>concilii</strong></span> <span class='ocrx_word' id='word_1_17' title='bbox 1563 447 1789 522; x_wconf 87' lang='lat' dir='ltr'><strong>afuerit,</strong></span> <span class='ocrx_word' id='word_1_18' title='bbox 1842 467 2024 525; x_wconf 88' lang='lat' dir='ltr'><strong>quem</strong></span> <span class='ocrx_word' id='word_1_19' title='bbox 2073 444 2329 505; x_wconf 78' lang='lat' dir='ltr'><strong>maxime</strong></span> 
     </span>
    </p>
   </div>
   <div class='ocr_carea' id='block_1_3' title="bbox 354 545 2326 631">
    <p class='ocr_par' dir='ltr' id='par_1_3' title="bbox 354 545 2326 631">
     <span class='ocr_line' id='line_1_4' title="bbox 354 545 2326 631; baseline -0.002 -26"><span class='ocrx_word' id='word_1_20' title='bbox 354 564 385 624; x_wconf 85' lang='lat'>5</span> <span class='ocrx_word' id='word_1_21' title='bbox 417 557 661 624; x_wconf 85' lang='lat' dir='ltr'><strong>peteret.</strong></span> <span class='ocrx_word' id='word_1_22' title='bbox 748 546 891 606; x_wconf 90' lang='lat' dir='ltr'><strong>inde</strong></span> <span class='ocrx_word' id='word_1_23' title='bbox 929 545 1104 605; x_wconf 89' lang='lat' dir='ltr'><strong>illam</strong></span> <span class='ocrx_word' id='word_1_24' title='bbox 1129 545 1393 606; x_wconf 92' lang='lat' dir='ltr'><strong>absentis</strong></span> <span class='ocrx_word' id='word_1_25' title='bbox 1434 545 1890 631; x_wconf 85' lang='lat' dir='ltr'><strong>insectationem</strong></span> <span class='ocrx_word' id='word_1_26' title='bbox 1934 564 2065 605; x_wconf 87' lang='lat' dir='ltr'><strong>esse</strong></span> <span class='ocrx_word' id='word_1_27' title='bbox 2106 554 2326 615; x_wconf 87' lang='lat' dir='ltr'><strong>natam,</strong></span> 
     </span>
    </p>
   </div>
   <div class='ocr_carea' id='block_1_4' title="bbox 356 640 2417 1501">
    <p class='ocr_par' dir='ltr' id='par_1_4' title="bbox 419 640 2383 915">
     <span class='ocr_line' id='line_1_5' title="bbox 419 640 2331 721; baseline -0.002 -19"><span class='ocrx_word' id='word_1_28' title='bbox 419 644 587 721; x_wconf 93' lang='lat' dir='ltr'><strong>quod</strong></span> <span class='ocrx_word' id='word_1_29' title='bbox 630 642 923 720; x_wconf 81' lang='lat' dir='ltr'><strong>morando</strong></span> <span class='ocrx_word' id='word_1_30' title='bbox 965 661 1134 719; x_wconf 90' lang='lat' dir='ltr'><strong>spem</strong></span> <span class='ocrx_word' id='word_1_31' title='bbox 1179 640 1525 703; x_wconf 90' lang='lat' dir='ltr'><strong>destituerit.</strong></span> <span class='ocrx_word' id='word_1_32' title='bbox 1613 661 1738 701; x_wconf 91' lang='lat' dir='ltr'><strong>non</strong></span> <span class='ocrx_word' id='word_1_33' title='bbox 1776 642 2066 716; x_wconf 84' lang='lat' dir='ltr'><strong>dubitare,</strong></span> <span class='ocrx_word' id='word_1_34' title='bbox 2107 640 2159 700; x_wconf 86' lang='lat' dir='ltr'><strong>si</strong></span> <span class='ocrx_word' id='word_1_35' title='bbox 2194 659 2331 700; x_wconf 87' lang='lat' dir='ltr'><strong>vera</strong></span> 
     </span>
     <span class='ocr_line' id='line_1_6' title="bbox 358 722 2325 817; baseline -0.003 -15.806"><span class='ocrx_word' id='word_1_36' title='bbox 358 722 774 814; x_wconf 83' lang='lat' dir='ltr'><strong>deferantur,</strong></span> <span class='ocrx_word' id='word_1_37' title='bbox 807 739 953 817; x_wconf 89' lang='lat' dir='ltr'><strong>quin</strong></span> <span class='ocrx_word' id='word_1_38' title='bbox 987 738 1177 817; x_wconf 91' lang='lat' dir='ltr'><strong>prima</strong></span> <span class='ocrx_word' id='word_1_39' title='bbox 1204 740 1355 813; x_wconf 90' lang='lat' dir='ltr'><strong>luce,</strong></span> <span class='ocrx_word' id='word_1_40' title='bbox 1388 739 1491 799; x_wconf 93' lang='lat' dir='ltr'><strong>ubi</strong></span> <span class='ocrx_word' id='word_1_41' title='bbox 1520 752 1765 799; x_wconf 90' lang='lat' dir='ltr'><strong>ventum</strong></span> <span class='ocrx_word' id='word_1_42' title='bbox 1793 739 1856 799; x_wconf 89' lang='lat' dir='ltr'><strong>in</strong></span> <span class='ocrx_word' id='word_1_43' title='bbox 1884 738 2205 799; x_wconf 88' lang='lat' dir='ltr'><strong>concilium</strong></span> <span class='ocrx_word' id='word_1_44' title='bbox 2236 736 2325 808; x_wconf 90' lang='lat' dir='ltr'><strong>sit,</strong></span> 
     </span>
     <span class='ocr_line' id='line_1_7' title="bbox 421 836 2383 915; baseline -0.001 -18"><span class='ocrx_word' id='word_1_45' title='bbox 421 838 742 898; x_wconf 92' lang='lat' dir='ltr'><strong>instructus</strong></span> <span class='ocrx_word' id='word_1_46' title='bbox 781 858 918 897; x_wconf 89' lang='lat' dir='ltr'><strong>curn</strong></span> <span class='ocrx_word' id='word_1_47' title='bbox 954 836 1399 898; x_wconf 89' lang='lat' dir='ltr'><strong>coniuratorum</strong></span> <span class='ocrx_word' id='word_1_48' title='bbox 1428 857 1611 897; x_wconf 90' lang='lat' dir='ltr'><strong>manu</strong></span> <span class='ocrx_word' id='word_1_49' title='bbox 1640 849 2020 915; x_wconf 83' lang='lat' dir='ltr'><strong>armatusque</strong></span> <span class='ocrx_word' id='word_1_50' title='bbox 2048 848 2329 897; x_wconf 88' lang='lat' dir='ltr'><strong>venturus</strong></span> <span class='ocrx_word' id='word_1_51' title='bbox 2359 850 2383 889; x_wconf 81' lang='lat'><strong>⁵</strong></span> 
     </span>
    </p>

    <p class='ocr_par' dir='ltr' id='par_1_5' title="bbox 356 934 2332 1111">
     <span class='ocr_line' id='line_1_8' title="bbox 356 934 2332 1013; baseline -0.002 -17"><span class='ocrx_word' id='word_1_52' title='bbox 356 936 392 995; x_wconf 84' lang='lat'><strong>6</strong></span> <span class='ocrx_word' id='word_1_53' title='bbox 423 936 511 996; x_wconf 85' lang='lat' dir='ltr'><strong>sit.</strong></span> <span class='ocrx_word' id='word_1_54' title='bbox 600 934 719 996; x_wconf 91' lang='lat' dir='ltr'><strong>dici</strong></span> <span class='ocrx_word' id='word_1_55' title='bbox 773 934 1106 1013; x_wconf 89' lang='lat' dir='ltr'><strong>gladiorum</strong></span> <span class='ocrx_word' id='word_1_56' title='bbox 1162 934 1464 1012; x_wconf 89' lang='lat' dir='ltr'><strong>ingentem</strong></span> <span class='ocrx_word' id='word_1_57' title='bbox 1521 954 1652 995; x_wconf 89' lang='lat' dir='ltr'><strong>esse</strong></span> <span class='ocrx_word' id='word_1_58' title='bbox 1700 955 2015 995; x_wconf 89' lang='lat' dir='ltr'><strong>numerum</strong></span> <span class='ocrx_word' id='word_1_59' title='bbox 2065 937 2145 995; x_wconf 88' lang='lat' dir='ltr'><strong>ad</strong></span> <span class='ocrx_word' id='word_1_60' title='bbox 2193 954 2332 994; x_wconf 89' lang='lat' dir='ltr'><strong>eum</strong></span> 
     </span>
     <span class='ocr_line' id='line_1_9' title="bbox 423 1032 2329 1139; baseline -0.001 -47"><span class='ocrx_word' id='word_1_61' title='bbox 423 1044 796 1093; x_wconf 89' lang='lat' dir='ltr'><strong>convectum</strong></span> <span class='ocrx_word' id='word_1_62' title='bbox 884 1032 948 1094; x_wconf 93' lang='lat' dir='ltr'><strong>id</strong></span> <span class='ocrx_word' id='word_1_63' title='bbox 989 1052 1211 1092; x_wconf 88' lang='lat' dir='ltr'><strong>vanum</strong></span> <span class='ocrx_word' id='word_1_64' title='bbox 1254 1052 1447 1093; x_wconf 90' lang='lat' dir='ltr'><strong>necne</strong></span> <span class='ocrx_word' id='word_1_65' title='bbox 1490 1032 1579 1107; x_wconf 88' lang='lat' dir='ltr'><strong>sit,</strong></span> <span class='ocrx_word' id='word_1_66' title='bbox 1622 1035 1932 1139; x_wconf 80' lang='lat' dir='ltr'><strong>extemplo</strong></span> <span class='ocrx_word' id='word_1_67' title='bbox 1964 1032 2098 1093; x_wconf 89' lang='lat' dir='ltr'><strong>sciri</strong></span> <span class='ocrx_word' id='word_1_68' title='bbox 2137 1052 2329 1133; x_wconf 90' lang='lat' dir='ltr'><strong>posse</strong></span> 
     </span>
    </p>

    <p class='ocr_par' dir='ltr' id='par_1_6' title="bbox 363 1099 2417 1501">
     <span class='ocr_line' id='line_1_10' title="bbox 363 1099 2333 1209; baseline 0 -20"><span class='ocrx_word' id='word_1_69' title='bbox 363 1141 390 1197; x_wconf 95' lang='lat'><strong>7</strong></span> <span class='ocrx_word' id='word_1_70' title='bbox 424 1150 629 1209; x_wconf 86' lang='lat' dir='ltr'><strong>rogare</strong></span> <span class='ocrx_word' id='word_1_71' title='bbox 652 1150 770 1202; x_wconf 81' lang='lat' dir='ltr'><strong>eOS,</strong></span> <span class='ocrx_word' id='word_1_72' title='bbox 798 1141 864 1189; x_wconf 94' lang='lat' dir='ltr'><strong>ut</strong></span> <span class='ocrx_word' id='word_1_73' title='bbox 885 1130 1028 1190; x_wconf 89' lang='lat' dir='ltr'><strong>inde</strong></span> <span class='ocrx_word' id='word_1_74' title='bbox 1051 1150 1256 1190; x_wconf 90' lang='lat' dir='ltr'><strong>secum</strong></span> <span class='ocrx_word' id='word_1_75' title='bbox 1277 1132 1357 1190; x_wconf 91' lang='lat' dir='ltr'><strong>ad</strong></span> <span class='ocrx_word' id='word_1_76' title='bbox 1378 1133 1651 1190; x_wconf 85' lang='lat' dir='ltr'><strong>Turnum</strong></span> <span class='ocrx_word' id='word_1_77' title='bbox 1673 1102 1932 1191; x_wconf 89' lang='lat' dir='ltr'><strong>veniant.</strong></span> <span class='ocrx_word' id='word_1_78' title='bbox 1998 1099 2333 1208; x_wconf 83' lang='lat' dir='ltr'><strong>suspectam</strong></span> 
     </span>
     <span class='ocr_line' id='line_1_11' title="bbox 424 1193 2335 1308; baseline 0 -21"><span class='ocrx_word' id='word_1_79' title='bbox 424 1228 564 1289; x_wconf 90' lang='lat' dir='ltr'><strong>fecit</strong></span> <span class='ocrx_word' id='word_1_80' title='bbox 602 1248 725 1288; x_wconf 88' lang='lat' dir='ltr'><strong>rem</strong></span> <span class='ocrx_word' id='word_1_81' title='bbox 767 1239 826 1288; x_wconf 93' lang='lat' dir='ltr'><strong>et</strong></span> <span class='ocrx_word' id='word_1_82' title='bbox 850 1193 1170 1308; x_wconf 49' lang='lat' dir='ltr'><strong>ingenium</strong></span> <span class='ocrx_word' id='word_1_83' title='bbox 1208 1226 1399 1287; x_wconf 91' lang='lat' dir='ltr'><strong>Turni</strong></span> <span class='ocrx_word' id='word_1_84' title='bbox 1436 1230 1599 1288; x_wconf 87' lang='lat' dir='ltr'><strong>ferox</strong></span> <span class='ocrx_word' id='word_1_85' title='bbox 1636 1240 1696 1288; x_wconf 91' lang='lat' dir='ltr'><strong>et</strong></span> <span class='ocrx_word' id='word_1_86' title='bbox 1736 1228 1925 1288; x_wconf 91' lang='lat' dir='ltr'><strong>oratio</strong></span> <span class='ocrx_word' id='word_1_87' title='bbox 1962 1230 2239 1289; x_wconf 88' lang='lat' dir='ltr'><strong>hesterna</strong></span> <span class='ocrx_word' id='word_1_88' title='bbox 2276 1239 2335 1289; x_wconf 90' lang='lat' dir='ltr'><strong>et</strong></span> 
     </span>
     <span class='ocr_line' id='line_1_12' title="bbox 427 1297 2417 1413; baseline -0.002 -28"><span class='ocrx_word' id='word_1_89' title='bbox 427 1346 594 1386; x_wconf 90' lang='lat' dir='ltr'><strong>mora</strong></span> <span class='ocrx_word' id='word_1_90' title='bbox 637 1325 943 1403; x_wconf 87' lang='lat' dir='ltr'>Tarquini,</span> <span class='ocrx_word' id='word_1_91' title='bbox 993 1327 1160 1404; x_wconf 93' lang='lat' dir='ltr'><strong>quod</strong></span> <span class='ocrx_word' id='word_1_92' title='bbox 1206 1326 1517 1386; x_wconf 90' lang='lat' dir='ltr'><strong>videbatur</strong></span> <span class='ocrx_word' id='word_1_93' title='bbox 1559 1328 1640 1387; x_wconf 93' lang='lat' dir='ltr'><strong>ob</strong></span> <span class='ocrx_word' id='word_1_94' title='bbox 1686 1348 1818 1387; x_wconf 88' lang='lat' dir='ltr'><strong>eam</strong></span> <span class='ocrx_word' id='word_1_95' title='bbox 1790 1297 2080 1413; x_wconf 19' lang='lat' dir='ltr'><strong>&amp;differri</strong></span> <span class='ocrx_word' id='word_1_96' title='bbox 2122 1328 2337 1387; x_wconf 91' lang='lat' dir='ltr'><strong>caedes</strong></span> <span class='ocrx_word' id='word_1_97' title='bbox 2366 1355 2417 1382; x_wconf 85' lang='lat'><strong>10</strong></span> 
     </span>
     <span class='ocr_line' id='line_1_13' title="bbox 426 1421 2333 1501; baseline 0 -18"><span class='ocrx_word' id='word_1_98' title='bbox 426 1421 707 1501; x_wconf 89' lang='lat' dir='ltr'><strong>potuisse.</strong></span> <span class='ocrx_word' id='word_1_99' title='bbox 794 1434 940 1483; x_wconf 91' lang='lat' dir='ltr'><strong>eunt</strong></span> <span class='ocrx_word' id='word_1_100' title='bbox 977 1422 1274 1483; x_wconf 86' lang='lat' dir='ltr'><strong>inclinatis</strong></span> <span class='ocrx_word' id='word_1_101' title='bbox 1311 1423 1559 1501; x_wconf 85' lang='lat' dir='ltr'><strong>quidem</strong></span> <span class='ocrx_word' id='word_1_102' title='bbox 1594 1426 1671 1484; x_wconf 90' lang='lat' dir='ltr'><strong>ad</strong></span> <span class='ocrx_word' id='word_1_103' title='bbox 1707 1427 2075 1486; x_wconf 89' lang='lat' dir='ltr'><strong>credendum</strong></span> <span class='ocrx_word' id='word_1_104' title='bbox 2102 1424 2333 1498; x_wconf 88' lang='lat' dir='ltr'><strong>animis,</strong></span> 
     </span>
    </p>
   </div>
   <div class='ocr_carea' id='block_1_5' title="bbox 363 1518 2341 1691">
    <p class='ocr_par' dir='ltr' id='par_1_7' title="bbox 363 1518 2333 1691">
     <span class='ocr_line' id='line_1_14' title="bbox 427 1518 2333 1618; baseline 0.001 -38"><span class='ocrx_word' id='word_1_105' title='bbox 427 1532 628 1580; x_wconf 89' lang='lat' dir='ltr'><strong>tamen</strong></span> <span class='ocrx_word' id='word_1_106' title='bbox 672 1518 786 1579; x_wconf 92' lang='lat' dir='ltr'><strong>nisi</strong></span> <span class='ocrx_word' id='word_1_107' title='bbox 828 1519 1061 1618; x_wconf 77' lang='lat' dir='ltr'><strong>gladiis</strong></span> <span class='ocrx_word' id='word_1_108' title='bbox 1064 1521 1468 1609; x_wconf 79' lang='lat' dir='ltr'><strong>deprehensis</strong></span> <span class='ocrx_word' id='word_1_109' title='bbox 1511 1533 1707 1582; x_wconf 88' lang='lat' dir='ltr'><strong>cetera</strong></span> <span class='ocrx_word' id='word_1_110' title='bbox 1744 1543 1896 1582; x_wconf 91' lang='lat' dir='ltr'><strong>vana</strong></span> <span class='ocrx_word' id='word_1_111' title='bbox 1934 1520 2333 1583; x_wconf 84' lang='lat' dir='ltr'><strong>existimaturi.</strong></span> 
     </span>
     <span class='ocr_line' id='line_1_15' title="bbox 363 1618 2341 1691; baseline 0.003 -16"><span class='ocrx_word' id='word_1_112' title='bbox 363 1620 397 1675; x_wconf 88' lang='lat'>8</span> <span class='ocrx_word' id='word_1_113' title='bbox 428 1618 532 1678; x_wconf 92' lang='lat' dir='ltr'><strong>ubi</strong></span> <span class='ocrx_word' id='word_1_114' title='bbox 583 1630 672 1679; x_wconf 89' lang='lat' dir='ltr'><strong>est</strong></span> <span class='ocrx_word' id='word_1_115' title='bbox 719 1638 795 1679; x_wconf 88' lang='lat' dir='ltr'><strong>eo</strong></span> <span class='ocrx_word' id='word_1_116' title='bbox 843 1629 1104 1691; x_wconf 87' lang='lat' dir='ltr'><strong>ventum,</strong></span> <span class='ocrx_word' id='word_1_117' title='bbox 1153 1621 1426 1679; x_wconf 90' lang='lat' dir='ltr'><strong>Turnum</strong></span> <span class='ocrx_word' id='word_1_118' title='bbox 1472 1640 1543 1681; x_wconf 87' lang='lat' dir='ltr'><strong>ex</strong></span> <span class='ocrx_word' id='word_1_119' title='bbox 1599 1640 1815 1681; x_wconf 90' lang='lat' dir='ltr'><strong>somno</strong></span> <span class='ocrx_word' id='word_1_120' title='bbox 1870 1622 2191 1682; x_wconf 82' lang='lat' dir='ltr'><strong>excitatum</strong></span> <span class='ocrx_word' id='word_1_121' title='bbox 2236 1620 2341 1681; x_wconf 90' lang='lat' dir='ltr'><strong>cir-</strong></span> 
     </span>
    </p>
   </div>
   <div class='ocr_carea' id='block_1_6' title="bbox 213 1716 2426 2396">
    <p class='ocr_par' dir='ltr' id='par_1_8' title="bbox 213 1716 2426 2394">
     <span class='ocr_line' id='line_1_16' title="bbox 428 1716 2341 1797; baseline 0.001 -18"><span class='ocrx_word' id='word_1_122' title='bbox 428 1716 785 1781; x_wconf 84' lang='lat' dir='ltr'><strong>cumsistunt</strong></span> <span class='ocrx_word' id='word_1_123' title='bbox 813 1718 1122 1791; x_wconf 86' lang='lat' dir='ltr'><strong>custodes;</strong></span> <span class='ocrx_word' id='word_1_124' title='bbox 1157 1717 1725 1795; x_wconf 86' lang='lat' dir='ltr'><strong>comprehensisque</strong></span> <span class='ocrx_word' id='word_1_125' title='bbox 1752 1718 1947 1792; x_wconf 90' lang='lat' dir='ltr'><strong>servis,</strong></span> <span class='ocrx_word' id='word_1_126' title='bbox 1974 1719 2078 1797; x_wconf 95' lang='lat' dir='ltr'><strong>qui</strong></span> <span class='ocrx_word' id='word_1_127' title='bbox 2100 1719 2341 1781; x_wconf 91' lang='lat' dir='ltr'><strong>caritate</strong></span> 
     </span>
     <span class='ocr_line' id='line_1_17' title="bbox 429 1814 2418 1893; baseline 0.003 -19"><span class='ocrx_word' id='word_1_128' title='bbox 429 1814 660 1875; x_wconf 90' lang='lat' dir='ltr'><strong>domini</strong></span> <span class='ocrx_word' id='word_1_129' title='bbox 689 1814 809 1874; x_wconf 90' lang='lat' dir='ltr'><strong>vim</strong></span> <span class='ocrx_word' id='word_1_130' title='bbox 843 1814 1149 1892; x_wconf 86' lang='lat' dir='ltr'><strong>parabant,</strong></span> <span class='ocrx_word' id='word_1_131' title='bbox 1182 1834 1321 1873; x_wconf 91' lang='lat' dir='ltr'><strong>cum</strong></span> <span class='ocrx_word' id='word_1_132' title='bbox 1357 1815 1536 1893; x_wconf 89' lang='lat' dir='ltr'><strong>gladii</strong></span> <span class='ocrx_word' id='word_1_133' title='bbox 1566 1816 1757 1876; x_wconf 88' lang='lat' dir='ltr'><strong>abditi</strong></span> <span class='ocrx_word' id='word_1_134' title='bbox 1784 1837 1855 1876; x_wconf 84' lang='lat' dir='ltr'><strong>ex</strong></span> <span class='ocrx_word' id='word_1_135' title='bbox 1883 1816 2165 1877; x_wconf 89' lang='lat' dir='ltr'><strong>omnibus</strong></span> <span class='ocrx_word' id='word_1_136' title='bbox 2193 1816 2341 1877; x_wconf 87' lang='lat' dir='ltr'><strong>locis</strong></span> <span class='ocrx_word' id='word_1_137' title='bbox 2374 1846 2418 1881; x_wconf 73' lang='grc' dir='ltr'><strong>ιε</strong></span> 
     </span>
     <span class='ocr_line' id='line_1_18' title="bbox 429 1912 2337 1990; baseline 0.001 -17"><span class='ocrx_word' id='word_1_138' title='bbox 429 1912 775 1974; x_wconf 88' lang='lat' dir='ltr'><strong>deverticuli</strong></span> <span class='ocrx_word' id='word_1_139' title='bbox 817 1913 1312 1990; x_wconf 86' lang='lat' dir='ltr'><strong>protraherentur,</strong></span> <span class='ocrx_word' id='word_1_140' title='bbox 1352 1912 1665 1985; x_wconf 60' lang='grc' dir='ltr'>ΞΞΞΠᾙΖΕΙΟ</span> <span class='ocrx_word' id='word_1_141' title='bbox 1708 1916 2021 1975; x_wconf 88' lang='lat' dir='ltr'><strong>manifesta</strong></span> <span class='ocrx_word' id='word_1_142' title='bbox 2061 1936 2155 1976; x_wconf 89' lang='lat' dir='ltr'><strong>res</strong></span> <span class='ocrx_word' id='word_1_143' title='bbox 2196 1915 2337 1989; x_wconf 71' lang='lat' dir='ltr'><strong>visa,</strong></span> 
     </span>
     <span class='ocr_line' id='line_1_19' title="bbox 428 2012 2341 2093; baseline 0.001 -21"><span class='ocrx_word' id='word_1_144' title='bbox 428 2012 801 2093; x_wconf 82' lang='lat' dir='ltr'><strong>iniectaeque</strong></span> <span class='ocrx_word' id='word_1_145' title='bbox 867 2013 1075 2070; x_wconf 91' lang='lat' dir='ltr'><strong>Turno</strong></span> <span class='ocrx_word' id='word_1_146' title='bbox 1141 2022 1388 2071; x_wconf 88' lang='lat' dir='ltr'><strong>catenae</strong></span> <span class='ocrx_word' id='word_1_147' title='bbox 1408 2034 1423 2085; x_wconf 77' lang='lat'>5</span> <span class='ocrx_word' id='word_1_148' title='bbox 1498 2023 1557 2071; x_wconf 89' lang='lat' dir='ltr'><strong>et</strong></span> <span class='ocrx_word' id='word_1_149' title='bbox 1622 2012 1935 2073; x_wconf 86' lang='lat' dir='ltr'><strong>confestim</strong></span> <span class='ocrx_word' id='word_1_150' title='bbox 1994 2014 2341 2073; x_wconf 89' lang='lat' dir='ltr'><strong>Latinorum</strong></span> 
     </span>
     <span class='ocr_line' id='line_1_20' title="bbox 233 2101 2345 2189; baseline -0.001 -14"><span class='ocrx_word' id='word_1_151' title='bbox 233 2169 241 2176; x_wconf 78' lang='grc'><strong>.,</strong></span> <span class='ocrx_word' id='word_1_152' title='bbox 367 2131 400 2185; x_wconf 89' lang='lat'>9</span> <span class='ocrx_word' id='word_1_153' title='bbox 431 2101 753 2172; x_wconf 86' lang='lat' dir='ltr'><strong>concilium</strong></span> <span class='ocrx_word' id='word_1_154' title='bbox 783 2130 1001 2189; x_wconf 88' lang='lat' dir='ltr'><strong>magno</strong></span> <span class='ocrx_word' id='word_1_155' title='bbox 1030 2130 1169 2170; x_wconf 92' lang='lat' dir='ltr'><strong>cum</strong></span> <span class='ocrx_word' id='word_1_156' title='bbox 1197 2113 1458 2170; x_wconf 88' lang='lat' dir='ltr'><strong>tumultu</strong></span> <span class='ocrx_word' id='word_1_157' title='bbox 1488 2112 1827 2171; x_wconf 88' lang='lat' dir='ltr'><strong>advocatur.</strong></span> <span class='ocrx_word' id='word_1_158' title='bbox 1914 2110 1998 2169; x_wconf 88' lang='lat' dir='ltr'><strong>ibi</strong></span> <span class='ocrx_word' id='word_1_159' title='bbox 2028 2121 2149 2170; x_wconf 92' lang='lat' dir='ltr'><strong>tam</strong></span> <span class='ocrx_word' id='word_1_160' title='bbox 2177 2123 2345 2172; x_wconf 86' lang='lat' dir='ltr'><strong>atrox</strong></span> 
     </span>
     <span class='ocr_line' id='line_1_21' title="bbox 221 2206 2345 2292; baseline -0.001 -22"><span class='ocrx_word' id='word_1_161' title='bbox 221 2211 226 2218; x_wconf 84' lang='grc'><strong>’</strong></span> <span class='ocrx_word' id='word_1_162' title='bbox 432 2209 655 2270; x_wconf 88' lang='lat' dir='ltr'><strong>invidia</strong></span> <span class='ocrx_word' id='word_1_163' title='bbox 692 2219 821 2268; x_wconf 92' lang='lat' dir='ltr'><strong>orta</strong></span> <span class='ocrx_word' id='word_1_164' title='bbox 861 2218 948 2267; x_wconf 88' lang='lat' dir='ltr'><strong>est</strong></span> <span class='ocrx_word' id='word_1_165' title='bbox 985 2206 1196 2285; x_wconf 88' lang='lat' dir='ltr'><strong>gladiis</strong></span> <span class='ocrx_word' id='word_1_166' title='bbox 1235 2206 1298 2266; x_wconf 89' lang='lat' dir='ltr'><strong>in</strong></span> <span class='ocrx_word' id='word_1_167' title='bbox 1327 2206 1530 2267; x_wconf 90' lang='lat' dir='ltr'><strong>medio</strong></span> <span class='ocrx_word' id='word_1_168' title='bbox 1558 2206 1783 2284; x_wconf 81' lang='lat' dir='ltr'><strong>positiS‚</strong></span> <span class='ocrx_word' id='word_1_169' title='bbox 1816 2218 1883 2267; x_wconf 94' lang='lat' dir='ltr'><strong>ut</strong></span> <span class='ocrx_word' id='word_1_170' title='bbox 1904 2206 2136 2292; x_wconf 49' lang='lat' dir='ltr'><strong>indicta</strong></span> <span class='ocrx_word' id='word_1_171' title='bbox 2165 2217 2345 2267; x_wconf 88' lang='lat' dir='ltr'><strong>causa</strong></span> 
     </span>
     <span class='ocr_line' id='line_1_22' title="bbox 213 2286 2426 2396; baseline 0.002 -27"><span class='ocrx_word' id='word_1_172' title='bbox 213 2297 230 2317; x_wconf 35' lang='grc' dir='ltr'><strong><em>ὲ</em></strong></span> <span class='ocrx_word' id='word_1_173' title='bbox 287 2286 395 2389; x_wconf 47' lang='lat'><strong>3³</strong></span> <span class='ocrx_word' id='word_1_174' title='bbox 355 2348 373 2373; x_wconf 80' lang='grc'><strong>-,</strong></span> <span class='ocrx_word' id='word_1_175' title='bbox 433 2329 592 2369; x_wconf 88' lang='lat' dir='ltr'><strong>novo</strong></span> <span class='ocrx_word' id='word_1_176' title='bbox 646 2327 862 2386; x_wconf 88' lang='lat' dir='ltr'><strong>genere</strong></span> <span class='ocrx_word' id='word_1_177' title='bbox 917 2306 1020 2367; x_wconf 90' lang='lat' dir='ltr'><strong>leti</strong></span> <span class='ocrx_word' id='word_1_178' title='bbox 1075 2306 1343 2367; x_wconf 87' lang='lat' dir='ltr'><strong>deiectus</strong></span> <span class='ocrx_word' id='word_1_179' title='bbox 1399 2308 1490 2396; x_wconf 77' lang='lat' dir='ltr'><strong>ad</strong></span> <span class='ocrx_word' id='word_1_180' title='bbox 1517 2319 1705 2394; x_wconf 54' lang='lat' dir='ltr'><strong>caput</strong></span> <span class='ocrx_word' id='word_1_181' title='bbox 1752 2327 1944 2387; x_wconf 88' lang='lat' dir='ltr'><strong>aquae</strong></span> <span class='ocrx_word' id='word_1_182' title='bbox 1994 2294 2347 2372; x_wconf 74' lang='lat' dir='ltr'><strong>Ferentinae</strong></span> <span class='ocrx_word' id='word_1_183' title='bbox 2370 2340 2426 2373; x_wconf 63' lang='grc' dir='ltr'>ω</span> 
     </span>
    </p>
   </div>
   <div class='ocr_carea' id='block_1_7' title="bbox 191 2389 2347 2645">
    <p class='ocr_par' dir='ltr' id='par_1_9' title="bbox 191 2389 2340 2645">
     <span class='ocr_line' id='line_1_23' title="bbox 191 2389 2340 2491; baseline -0.001 -23"><span class='ocrx_word' id='word_1_184' title='bbox 191 2389 244 2437; x_wconf 60' lang='lat'><strong>&#39;³</strong></span> <span class='ocrx_word' id='word_1_185' title='bbox 436 2419 596 2468; x_wconf 86' lang='lat' dir='ltr'><strong>crate</strong></span> <span class='ocrx_word' id='word_1_186' title='bbox 661 2426 914 2483; x_wconf 89' lang='lat' dir='ltr'><strong>superne</strong></span> <span class='ocrx_word' id='word_1_187' title='bbox 979 2405 1198 2466; x_wconf 88' lang='lat' dir='ltr'><strong>iniecta</strong></span> <span class='ocrx_word' id='word_1_188' title='bbox 1263 2405 1537 2491; x_wconf 82' lang='lat' dir='ltr'><strong>saxisque</strong></span> <span class='ocrx_word' id='word_1_189' title='bbox 1603 2405 1901 2483; x_wconf 86' lang='lat' dir='ltr'><strong>congestis</strong></span> <span class='ocrx_word' id='word_1_190' title='bbox 1967 2417 2340 2484; x_wconf 86' lang='lat' dir='ltr'><strong>mergeretur.</strong></span> 
     </span>
     <span class='ocr_line' id='line_1_24' title="bbox 251 2452 2347 2645; baseline -0.001 -81"><span class='ocrx_word' id='word_1_191' title='bbox 251 2452 726 2645; x_wconf 49' lang='lat' dir='ltr'><strong>&amp;evocatis</strong></span> <span class='ocrx_word' id='word_1_192' title='bbox 775 2500 996 2562; x_wconf 89' lang='lat' dir='ltr'><strong>deinde</strong></span> <span class='ocrx_word' id='word_1_193' title='bbox 1043 2503 1122 2562; x_wconf 92' lang='lat' dir='ltr'><strong>ad</strong></span> <span class='ocrx_word' id='word_1_194' title='bbox 1171 2501 1494 2562; x_wconf 88' lang='lat' dir='ltr'><strong>concilium</strong></span> <span class='ocrx_word' id='word_1_195' title='bbox 1546 2502 1771 2562; x_wconf 90' lang='lat' dir='ltr'><strong>Latinis</strong></span> <span class='ocrx_word' id='word_1_196' title='bbox 1821 2502 2181 2581; x_wconf 81' lang='lat' dir='ltr'><strong>Tarquinius</strong></span> <span class='ocrx_word' id='word_1_197' title='bbox 2230 2506 2347 2563; x_wconf 94' lang='lat' dir='ltr'><strong>col-</strong></span> 
     </span>
    </p>
   </div>
   <div class='ocr_carea' id='block_1_8' title="bbox 377 2600 2349 2781">
    <p class='ocr_par' dir='ltr' id='par_1_10' title="bbox 377 2600 2349 2781">
     <span class='ocr_line' id='line_1_25' title="bbox 458 2600 2348 2704; baseline 0 -42"><span class='ocrx_word' id='word_1_198' title='bbox 458 2601 828 2704; x_wconf 52' lang='lat' dir='ltr'><strong>agdatlsflue,</strong></span> <span class='ocrx_word' id='word_1_199' title='bbox 877 2600 982 2679; x_wconf 90' lang='lat' dir='ltr'><strong>qui</strong></span> <span class='ocrx_word' id='word_1_200' title='bbox 1030 2603 1303 2661; x_wconf 90' lang='lat' dir='ltr'><strong>Turnum</strong></span> <span class='ocrx_word' id='word_1_201' title='bbox 1354 2612 1675 2662; x_wconf 89' lang='lat' dir='ltr'><strong>novantem</strong></span> <span class='ocrx_word' id='word_1_202' title='bbox 1724 2622 1817 2661; x_wconf 88' lang='lat' dir='ltr'><strong>res</strong></span> <span class='ocrx_word' id='word_1_203' title='bbox 1859 2620 1975 2683; x_wconf 86' lang='lat' dir='ltr'><strong>pro</strong></span> <span class='ocrx_word' id='word_1_204' title='bbox 2030 2601 2348 2662; x_wconf 89' lang='lat' dir='ltr'><strong>manifesto</strong></span> 
     </span>
     <span class='ocr_line' id='line_1_26' title="bbox 377 2662 2349 2781; baseline 0.001 -24"><span class='ocrx_word' id='word_1_205' title='bbox 377 2720 406 2757; x_wconf 89' lang='lat'><strong>2</strong></span> <span class='ocrx_word' id='word_1_206' title='bbox 438 2662 752 2781; x_wconf 84' lang='lat' dir='ltr'><strong>parricidio</strong></span> <span class='ocrx_word' id='word_1_207' title='bbox 782 2697 990 2759; x_wconf 88' lang='lat' dir='ltr'><strong>merita</strong></span> <span class='ocrx_word' id='word_1_208' title='bbox 1017 2684 1214 2777; x_wconf 91' lang='lat' dir='ltr'><strong>poena</strong></span> <span class='ocrx_word' id='word_1_209' title='bbox 1241 2699 1617 2773; x_wconf 89' lang='lat' dir='ltr'><strong>adfecissent,</strong></span> <span class='ocrx_word' id='word_1_210' title='bbox 1643 2698 1725 2759; x_wconf 89' lang='lat' dir='ltr'><strong>ita</strong></span> <span class='ocrx_word' id='word_1_211' title='bbox 1752 2700 1932 2759; x_wconf 89' lang='lat' dir='ltr'><strong>verba</strong></span> <span class='ocrx_word' id='word_1_212' title='bbox 1959 2682 2130 2759; x_wconf 83' lang='lat' dir='ltr'><strong>fecit</strong></span> <span class='ocrx_word' id='word_1_213' title='bbox 2170 2719 2349 2777; x_wconf 87' lang='lat' dir='ltr'><strong>posse</strong></span> 
     </span>
    </p>
   </div>
   <div class='ocr_carea' id='block_1_9' title="bbox 371 2795 2427 2924">
    <p class='ocr_par' dir='ltr' id='par_1_11' title="bbox 371 2795 2427 2924">
     <span class='ocr_line' id='line_1_27' title="bbox 384 2795 2427 2913; baseline 0.002 -58"><span class='ocrx_word' id='word_1_214' title='bbox 384 2876 388 2879; x_wconf 19' lang='grc' dir='ltr'>Ι</span> <span class='ocrx_word' id='word_1_215' title='bbox 491 2873 520 2913; x_wconf 72' lang='lat' dir='ltr'>d</span> <span class='ocrx_word' id='word_1_216' title='bbox 691 2872 719 2912; x_wconf 74' lang='lat' dir='ltr'>d</span> <span class='ocrx_word' id='word_1_217' title='bbox 877 2795 1124 2873; x_wconf 90' lang='lat' dir='ltr'><strong>quidem</strong></span> <span class='ocrx_word' id='word_1_218' title='bbox 1174 2816 1239 2855; x_wconf 89' lang='lat' dir='ltr'><strong>se</strong></span> <span class='ocrx_word' id='word_1_219' title='bbox 1287 2807 1523 2857; x_wconf 90' lang='lat' dir='ltr'><strong>vetusto</strong></span> <span class='ocrx_word' id='word_1_220' title='bbox 1570 2796 1697 2857; x_wconf 88' lang='lat' dir='ltr'><strong>iure</strong></span> <span class='ocrx_word' id='word_1_221' title='bbox 1742 2816 1933 2877; x_wconf 85' lang='lat' dir='ltr'><strong>agere,</strong></span> <span class='ocrx_word' id='word_1_222' title='bbox 1978 2798 2161 2873; x_wconf 86' lang='lat' dir='ltr'><strong>quod,</strong></span> <span class='ocrx_word' id='word_1_223' title='bbox 2208 2816 2347 2857; x_wconf 90' lang='lat' dir='ltr'><strong>cum</strong></span> <span class='ocrx_word' id='word_1_224' title='bbox 2366 2832 2427 2869; x_wconf 60' lang='grc'><strong>,5</strong></span> 
     </span>
     <span class='ocr_line' id='line_1_28' title="bbox 371 2881 766 2924; baseline -0.005 -10"><span class='ocrx_word' id='word_1_225' title='bbox 371 2881 374 2883; x_wconf 75' lang='grc'>’</span> <span class='ocrx_word' id='word_1_226' title='bbox 437 2887 490 2913; x_wconf 87' lang='lat' dir='ltr'><strong>an</strong></span> <span class='ocrx_word' id='word_1_227' title='bbox 538 2885 692 2924; x_wconf 79' lang='lat' dir='ltr'><strong>persua</strong></span> <span class='ocrx_word' id='word_1_228' title='bbox 721 2885 766 2912; x_wconf 89' lang='lat' dir='ltr'><strong>es</strong></span> 
     </span>
    </p>
   </div>
   <div class='ocr_carea' id='block_1_10' title="bbox 439 2894 2349 2972">
    <p class='ocr_par' dir='ltr' id='par_1_12' title="bbox 439 2894 2349 2972">
     <span class='ocr_line' id='line_1_29' title="bbox 439 2894 2349 2972; baseline -0.002 -12"><span class='ocrx_word' id='word_1_229' title='bbox 439 2930 510 2971; x_wconf 57' lang='lat' dir='ltr'><strong>the</strong></span> <span class='ocrx_word' id='word_1_230' title='bbox 531 2928 680 2972; x_wconf 70' lang='lat' dir='ltr'><strong>Latius</strong></span> <span class='ocrx_word' id='word_1_231' title='bbox 698 2937 743 2971; x_wconf 81' lang='lat' dir='ltr'><strong>to</strong></span> <span class='ocrx_word' id='word_1_232' title='bbox 881 2915 1090 2956; x_wconf 87' lang='lat' dir='ltr'><strong>omnes</strong></span> <span class='ocrx_word' id='word_1_233' title='bbox 1142 2895 1341 2955; x_wconf 87' lang='lat' dir='ltr'><strong>Latini</strong></span> <span class='ocrx_word' id='word_1_234' title='bbox 1388 2896 1467 2956; x_wconf 91' lang='lat' dir='ltr'><strong>ab</strong></span> <span class='ocrx_word' id='word_1_235' title='bbox 1508 2896 1667 2961; x_wconf 91' lang='lat' dir='ltr'><strong>Alba</strong></span> <span class='ocrx_word' id='word_1_236' title='bbox 1710 2894 1947 2956; x_wconf 90' lang='lat' dir='ltr'><strong>oriundi</strong></span> <span class='ocrx_word' id='word_1_237' title='bbox 1990 2896 2122 2969; x_wconf 87' lang='lat' dir='ltr'><strong>sint,</strong></span> <span class='ocrx_word' id='word_1_238' title='bbox 2168 2895 2231 2955; x_wconf 87' lang='lat' dir='ltr'><strong>in</strong></span> <span class='ocrx_word' id='word_1_239' title='bbox 2274 2913 2349 2956; x_wconf 79' lang='lat' dir='ltr'><strong>eo</strong></span> 
     </span>
    </p>
   </div>
   <div class='ocr_carea' id='block_1_11' title="bbox 440 2988 2350 3095">
    <p class='ocr_par' dir='ltr' id='par_1_13' title="bbox 440 2988 2350 3095">
     <span class='ocr_line' id='line_1_30' title="bbox 440 2988 2350 3095; baseline 0.001 -42"><span class='ocrx_word' id='word_1_240' title='bbox 440 2988 818 3095; x_wconf 51' lang='grc' dir='ltr'><strong>ξξζζξξὲξωῖ</strong></span> <span class='ocrx_word' id='word_1_241' title='bbox 883 2996 1123 3054; x_wconf 88' lang='lat' dir='ltr'><strong>foedere</strong></span> <span class='ocrx_word' id='word_1_242' title='bbox 1148 3005 1489 3077; x_wconf 81' lang='lat' dir='ltr'><strong>teneantur,</strong></span> <span class='ocrx_word' id='word_1_243' title='bbox 1532 3014 1655 3071; x_wconf 90' lang='lat' dir='ltr'><strong>quo</strong></span> <span class='ocrx_word' id='word_1_244' title='bbox 1694 2993 1771 3053; x_wconf 92' lang='lat' dir='ltr'><strong>ab</strong></span> <span class='ocrx_word' id='word_1_245' title='bbox 1809 2995 1991 3053; x_wconf 90' lang='lat' dir='ltr'><strong>Tullo</strong></span> <span class='ocrx_word' id='word_1_246' title='bbox 2028 3014 2119 3054; x_wconf 75' lang='lat' dir='ltr'><strong>res</strong></span> <span class='ocrx_word' id='word_1_247' title='bbox 2155 2992 2350 3054; x_wconf 89' lang='lat' dir='ltr'><strong>omnis</strong></span> 
     </span>
    </p>
   </div>
   <div class='ocr_carea' id='block_1_12' title="bbox 382 3070 2352 3269">
    <p class='ocr_par' dir='ltr' id='par_1_14' title="bbox 382 3070 2352 3269">
     <span class='ocr_line' id='line_1_31' title="bbox 447 3070 2351 3189; baseline -0.002 -35"><span class='ocrx_word' id='word_1_248' title='bbox 447 3156 529 3187; x_wconf 41' lang='grc' dir='ltr'><strong>(ί</strong></span> <span class='ocrx_word' id='word_1_249' title='bbox 614 3156 651 3189; x_wconf 99' lang='lat'><em>¹</em></span> <span class='ocrx_word' id='word_1_250' title='bbox 697 3130 704 3145; x_wconf 88' lang='lat'>·</span> <span class='ocrx_word' id='word_1_251' title='bbox 741 3155 752 3183; x_wconf 73' lang='lat'>&lt;</span> <span class='ocrx_word' id='word_1_252' title='bbox 883 3094 1120 3152; x_wconf 87' lang='lat' dir='ltr'><strong>Albana</strong></span> <span class='ocrx_word' id='word_1_253' title='bbox 1185 3102 1327 3174; x_wconf 64' lang='lat' dir='ltr'><strong>curn</strong></span> <span class='ocrx_word' id='word_1_254' title='bbox 1339 3085 1643 3172; x_wconf 51' lang='lat' dir='ltr'><strong>gpjon‘fis</strong></span> <span class='ocrx_word' id='word_1_255' title='bbox 1708 3070 1901 3161; x_wconf 53' lang='lat' dir='ltr'><strong>giis)</strong></span> <span class='ocrx_word' id='word_1_256' title='bbox 1885 3113 1948 3152; x_wconf 87' lang='lat' dir='ltr'><strong>m</strong></span> <span class='ocrx_word' id='word_1_257' title='bbox 2006 3094 2351 3153; x_wconf 88' lang='lat' dir='ltr'><strong>Romanum</strong></span> 
     </span>
     <span class='ocr_line' id='line_1_32' title="bbox 382 3160 2352 3269; baseline 0 -20"><span class='ocrx_word' id='word_1_258' title='bbox 382 3212 412 3269; x_wconf 86' lang='lat'>3</span> <span class='ocrx_word' id='word_1_259' title='bbox 442 3168 683 3249; x_wconf 86' lang='lat' dir='ltr'><strong>cesserit</strong></span> <span class='ocrx_word' id='word_1_260' title='bbox 709 3160 1062 3265; x_wconf 82' lang='lat' dir='ltr'><strong>imperium3</strong></span> <span class='ocrx_word' id='word_1_261' title='bbox 1100 3201 1363 3267; x_wconf 81' lang='lat' dir='ltr'><strong>ceterum</strong></span> <span class='ocrx_word' id='word_1_262' title='bbox 1393 3210 1458 3251; x_wconf 90' lang='lat' dir='ltr'><strong>se</strong></span> <span class='ocrx_word' id='word_1_263' title='bbox 1486 3188 1751 3264; x_wconf 71' lang='lat' dir='ltr'><strong>utilitatis</strong></span> <span class='ocrx_word' id='word_1_264' title='bbox 1780 3190 1843 3249; x_wconf 92' lang='lat' dir='ltr'><strong>id</strong></span> <span class='ocrx_word' id='word_1_265' title='bbox 1874 3188 2059 3267; x_wconf 86' lang='lat' dir='ltr'><strong>magis</strong></span> <span class='ocrx_word' id='word_1_266' title='bbox 2080 3189 2352 3250; x_wconf 79' lang='lat' dir='ltr'><strong>omnium</strong></span> 
     </span>
    </p>
   </div>
   <div class='ocr_carea' id='block_1_13' title="bbox 425 3288 2431 3566">
    <p class='ocr_par' dir='ltr' id='par_1_15' title="bbox 443 3288 2431 3566">
     <span class='ocr_line' id='line_1_33' title="bbox 443 3288 2431 3366; baseline -0.001 -19"><span class='ocrx_word' id='word_1_267' title='bbox 443 3306 622 3348; x_wconf 83' lang='lat' dir='ltr'><strong>causa</strong></span> <span class='ocrx_word' id='word_1_268' title='bbox 657 3307 915 3362; x_wconf 89' lang='lat' dir='ltr'><strong>censere,</strong></span> <span class='ocrx_word' id='word_1_269' title='bbox 948 3299 1014 3347; x_wconf 92' lang='lat' dir='ltr'><strong>ut</strong></span> <span class='ocrx_word' id='word_1_270' title='bbox 1041 3299 1359 3349; x_wconf 87' lang='lat' dir='ltr'><strong>renovetur</strong></span> <span class='ocrx_word' id='word_1_271' title='bbox 1385 3288 1449 3349; x_wconf 91' lang='lat' dir='ltr'><strong>id</strong></span> <span class='ocrx_word' id='word_1_272' title='bbox 1477 3289 1707 3363; x_wconf 82' lang='lat' dir='ltr'><strong>foeduS,</strong></span> <span class='ocrx_word' id='word_1_273' title='bbox 1740 3289 2125 3366; x_wconf 83' lang='lat' dir='ltr'><strong>secundaque</strong></span> <span class='ocrx_word' id='word_1_274' title='bbox 2153 3288 2352 3365; x_wconf 90' lang='lat' dir='ltr'><strong>potius</strong></span> <span class='ocrx_word' id='word_1_275' title='bbox 2380 3318 2431 3356; x_wconf 84' lang='lat'><strong>30</strong></span> 
     </span>
     <span class='ocr_line' id='line_1_34' title="bbox 444 3386 2350 3490; baseline 0.002 -45"><span class='ocrx_word' id='word_1_276' title='bbox 444 3388 682 3447; x_wconf 89' lang='lat' dir='ltr'><strong>fortuna</strong></span> <span class='ocrx_word' id='word_1_277' title='bbox 741 3386 956 3490; x_wconf 87' lang='lat' dir='ltr'><strong>populi</strong></span> <span class='ocrx_word' id='word_1_278' title='bbox 1007 3386 1267 3447; x_wconf 89' lang='lat' dir='ltr'><strong>Romani</strong></span> <span class='ocrx_word' id='word_1_279' title='bbox 1323 3400 1389 3448; x_wconf 92' lang='lat' dir='ltr'><strong>ut</strong></span> <span class='ocrx_word' id='word_1_280' title='bbox 1445 3386 1760 3466; x_wconf 89' lang='lat' dir='ltr'><strong>participes</strong></span> <span class='ocrx_word' id='word_1_281' title='bbox 1817 3387 2012 3449; x_wconf 89' lang='lat' dir='ltr'><strong>Latini</strong></span> <span class='ocrx_word' id='word_1_282' title='bbox 2066 3390 2350 3464; x_wconf 83' lang='lat' dir='ltr'><strong>fruantur,</strong></span> 
     </span>
     <span class='ocr_line' id='line_1_35' title="bbox 425 3448 2355 3566; baseline 0.002 -21.042"><span class='ocrx_word' id='word_1_283' title='bbox 425 3502 628 3561; x_wconf 84' lang='lat' dir='ltr'><strong>quam</strong></span> <span class='ocrx_word' id='word_1_284' title='bbox 655 3482 894 3545; x_wconf 90' lang='lat' dir='ltr'><strong>urbium</strong></span> <span class='ocrx_word' id='word_1_285' title='bbox 923 3448 1153 3545; x_wconf 70' lang='lat' dir='ltr'><strong>excidia</strong></span> <span class='ocrx_word' id='word_1_286' title='bbox 1180 3484 1658 3566; x_wconf 79' lang='lat' dir='ltr'><strong>vastationesque</strong></span> <span class='ocrx_word' id='word_1_287' title='bbox 1683 3506 1976 3565; x_wconf 88' lang='lat' dir='ltr'><strong>agrorum,</strong></span> <span class='ocrx_word' id='word_1_288' title='bbox 2008 3504 2157 3565; x_wconf 89' lang='lat' dir='ltr'><strong>quas</strong></span> <span class='ocrx_word' id='word_1_289' title='bbox 2178 3490 2355 3549; x_wconf 85' lang='lat' dir='ltr'><strong>Anco</strong></span> 
     </span>
    </p>
   </div>
  </div>
 </body>
</html>
