2659 3942
428 211 465 269 6
1287 209 1394 268 LI
1397 209 1494 270 VI

424 363 649 425 [1—111.
731 363 783 411 Τ
771 363 832 412 he
857 364 1050 427 legends
1071 362 1136 427 qs
1163 364 1350 429 Dm'an
1376 356 1650 429 n‘nJgration
1670 367 1783 415 and
1794 367 2061 416 seulement
2082 367 2140 415 in
2162 365 2343 428 Italy]

423 459 772 524 abundante
811 461 1022 522 Lavini
1057 460 1793 544 multitudineflorentem
1822 463 1959 540 iam,
1993 477 2059 539 ut
2088 476 2215 526 tum
2245 485 2339 526 res

424 572 607 633 erant,
631 571 813 639 atque
841 564 1188 640 opulentam
1211 563 1422 624 urbem
1446 563 1619 622 matri
1628 583 1746 652 §gu
1768 583 2059 625 novercae
2081 563 2333 642 reliquit,

423 677 642 718 novam
665 659 813 760 ‘ipse
849 659 1026 720 aliam
1065 662 1179 721 sub
1217 662 1457 723 Albano
1496 674 1703 723 monte
1741 663 2029 735 condidit,
2068 683 2222 741 quae
2258 663 2339 723 ab

424 755 539 817 situ
596 752 902 836 porrectae
956 759 1018 818 in
1069 746 1255 820 ⁴dorso
1320 760 1483 821 urbis
1551 763 1760 839 Longa
1814 761 1975 820 Alba
2020 763 2333 839 appellata„

360 877 398 930 4
423 855 608 916 inter·-
628 856 943 916 Lavinium
993 868 1052 918 et
1094 859 1312 918 Albam
1359 857 1631 937 Longam
1675 825 1997 919 (18ῧῖἰέἓὲὶή
2038 859 2338 919 coloniam
2367 877 2391 914 s

11 947 259 1052 §snt-⁵⁴?
423 955 660 1034 triginta
726 958 909 1017 ferme
975 955 1292 1018 interfuere
1357 957 1515 1018 anni.
1624 970 1856 1018 tantum
1923 969 2125 1018 tamen
2191 978 2338 1037 opes

413 1066 751 1135 Q
776 1053 1032 1114 maxime
1081 1053 1242 1137 fusis
1277 1055 1560 1140 Etrusffi
1612 1067 1679 1115 ut
1728 1076 1804 1116 ne
1851 1068 2041 1117 morte
2092 1056 2338 1134 quidem

423 1155 682 1226 Aeneae,
729 1174 842 1214 nec
888 1154 1108 1214 deinde
1153 1154 1305 1234 inter
1351 1154 1703 1215 muliebrem
1750 1158 1997 1216 tutelam
2042 1155 2339 1216 rudimen-

423 1262 672 1330 tumque
699 1252 958 1329 primum
981 1253 1221 1331 puerilis
1243 1253 1409 1332 regni
1432 1274 1670 1314 movere
1691 1275 1856 1314 arma
1875 1265 1979 1315 aut
2003 1253 2337 1314 Mezentius

361 1367 393 1426 5
427 1347 781 1426 Etruscique
824 1361 927 1409 aut
969 1349 1074 1409 ulli
1114 1349 1214 1408 alii
1254 1352 1496 1411 accolae
1536 1350 1665 1410 ausi
1708 1349 1839 1410 sint.
1927 1371 2043 1428 pax
2079 1349 2161 1409 ita
2198 1370 2338 1412 con·
2364 1375 2417 1402 ιο

424 1458 679 1521 venerat,
738 1458 804 1507 ut
862 1447 1127 1508 Etruscis
1185 1447 1532 1525 Latinisque
1588 1449 1801 1510 fluvius
1857 1450 2093 1523 Albula,
2152 1468 2335 1526 quem

423 1565 586 1604 nunc
627 1545 893 1606 Tiberim
935 1557 1168 1618 vocant,
1215 1545 1350 1605 finis
1392 1557 1562 1606 esset.

360 1652 396 1707 6
546 1643 760 1703 Silvius
820 1642 1040 1704 deinde
1097 1655 1315 1721 regnat,
1368 1643 1593 1704 Ascani
1648 1643 1820 1718 filius,
1872 1665 2015 1704 casu
2071 1646 2335 1722 quodam

362 1766 392 1823 7
473 1793 808 1834 Hissucoessm
877 1741 939 1799 in
983 1741 1142 1801 silvis
1181 1752 1371 1802 natuS.
1458 1741 1507 1802 is
1545 1746 1813 1802 Aeneam
1856 1742 2102 1802 Silvium
2140 1755 2312 1826 creat
2318 1766 2336 1818 3

422 1852 548 1920 ssthe
577 1851 737 1893 Silvian
876 1841 926 1898 is
956 1838 1176 1898 deinde
1207 1841 1487 1899 Latinum
1518 1839 1765 1900 Silvium
1853 1841 1931 1901 ab
1961 1861 2036 1902 eo
2063 1841 2336 1902 coloniae
2364 1871 2412 1907 ιε

421 1911 520 1952 Ἀπ’
875 1937 1103 2020 aliquot
1157 1938 1471 2013 deductae,
1531 1938 1717 2000 Prisci
1774 1939 1971 2000 Latini
2034 1940 2331 2018 appellati.

359 2043 394 2098 8
423 2033 642 2095 mansit
707 2033 900 2095 Silviis
964 2045 1174 2112 postea
1233 2035 1516 2094 omnibus
1571 2055 1925 2114 cognomen,
1984 2038 2088 2114 qui
2141 2039 2336 2098 Albae

423 2142 830 2210 regnaverunt.
906 2132 1121 2191 Latino
1151 2131 1308 2190 Alba
1336 2143 1516 2206 ortUS,
1549 2133 1707 2192 Alba
1733 2135 1899 2211 Atys,
1931 2137 2086 2211 Atye
2116 2135 2330 2212 CapyS,

423 2233 628 2309 Capye
659 2232 938 2308 Capetus,
965 2231 1196 2309 Capeto
1225 2229 1559 2305 Tiberinus,
1586 2231 1690 2309 qui
1718 2231 1781 2292 in
1809 2235 2055 2292 traiectu
2076 2233 2333 2294 Albulae

420 2329 614 2423 affinis
670 2329 1013 2388 submersus
1069 2328 1303 2388 celebre
1359 2331 1439 2389 ad
1493 2341 1764 2407 posteros
1821 2351 2043 2392 nomen
2100 2332 2330 2391 flumini
2359 2357 2413 2385 ιο

359 2456 393 2512 9
421 2426 604 2488 dedit.
707 2425 970 2502 Agrippa
1033 2425 1175 2485 inde
1239 2426 1509 2487 Tiberini
1574 2427 1745 2504 filius,
1814 2441 1951 2507 post
2005 2429 2331 2509 Agrippam

423 2526 720 2585 Romulus
760 2523 974 2584 Silvius
1007 2543 1044 2582 a
1080 2536 1246 2600 patre
1274 2537 1526 2605 accepto
1554 2525 1803 2604 imperio
1833 2540 2051 2606 regnat.
2139 2531 2332 2589 Aven-

421 2626 548 2684 tino
591 2621 838 2688 fulmine
880 2623 1007 2699 ipse
1050 2622 1201 2682 ictus
1245 2643 1493 2700 regnum
1535 2644 1641 2701 per
1682 2645 1895 2685 manus
1938 2627 2195 2688 tradidit.
2281 2627 2331 2686 is

421 2725 687 2801 sepultus
725 2721 786 2781 in
826 2743 901 2783 eo
939 2723 1108 2796 colle,
1151 2723 1253 2799 qui
1292 2743 1455 2783 nunc
1493 2743 1627 2799 pars
1668 2726 1981 2786 Romanae
2018 2713 2109 2786 est
2150 2712 2459 2800 urbis>

323 2847 393 2885 10
420 2842 756 2900 cognomen
798 2823 935 2883 colli
977 2821 1132 2881 fecit.
1220 2823 1411 2880 Proca
1452 2822 1673 2882 deinde
1716 2835 1935 2902 regnat.
2023 2823 2075 2884 is
2123 2827 2181 2884 N
2185 2844 2417 2913 ”Q

418 2934 606 2984 torem
662 2933 843 3000 atque
891 2919 1199 2980 Amulium
1250 2932 1555 2998 procreat,
1611 2921 1931 2998 Numitori,
1984 2923 2088 3001 qui
2136 2923 2331 3001 stirpis

417 3019 710 3078 maximus
774 3028 914 3092 erat,
973 3037 1219 3096 regnum
1276 3029 1578 3078 vetustum
1640 3019 1853 3080 Silviae
1907 3022 2100 3098 gentis
2157 3023 2327 3100 legat.

417 3119 550 3195 plus
580 3128 780 3176 tamen
803 3117 890 3174 vis
920 3115 1113 3192 potuit
1141 3135 1320 3193 quam
1344 3118 1619 3176 voluntas
1648 3117 1828 3195 patris
1850 3130 1953 3179 aut
1973 3105 2333 3215 india

320 3239 344 3277 1
362 3238 385 3275 ι·
418 3215 642 3274 aetatis.
736 3213 910 3291 pulso
978 3213 1152 3272 fratre
1221 3215 1499 3275 Amulius
1568 3227 1787 3294 regnat.
1887 3217 2057 3278 addit
2126 3221 2333 3280 sceleri
2402 3279 2407 3282 ,

421 3313 648 3372 scelus:
720 3309 963 3388 stirpem
1028 3310 1216 3390 fratris
1271 3311 1501 3372 virilem
1562 3313 1861 3390 interimit,
1921 3317 2111 3378 fratris
2178 3316 2333 3378 filiae
2360 3347 2417 3386 30

423 3413 588 3472 Reae
637 3409 852 3471 Silviae
896 3429 1002 3488 per
1039 3391 1300 3488 speciein
1350 3411 1609 3487 honoriS,
1660 3433 1799 3474 cum
1844 3416 2149 3476 Vestalem
2198 3437 2330 3477 eam

419 3509 672 3588 legisset,
717 3519 1002 3586 perpetua
1042 3508 1373 3585 virginitate
1415 3530 1585 3589 spem
1626 3522 1827 3589 partus
1868 3512 2094 3573 adimit.
