2659 3942
877 947 1196 1104 TI'TI
1329 1017 1641 1109 LIVI

661 1212 815 1286 AB
898 1214 1222 1288 URBE
1301 1217 1870 1293 CONDITA

963 1487 974 1502 ·
1062 1459 1354 1523 LIBER
1421 1461 1469 1525 Ι.

301 1730 546 1812 [1-3111.'
606 1742 706 1790 The
727 1703 919 1806 legend}
939 1743 1001 1806 of
1023 1707 1517 1808 Trojan'nggration
1541 1713 1937 1832 apg-quffissnm
1958 1747 2015 1795 in
2040 1747 2219 1810 Italy]

428 1878 554 1936 IAM
603 1876 862 1955 primum
911 1877 1182 1939 omnium
1233 1877 1385 1938 satis.
1412 1847 1658 1964 ‘constat
1706 1879 1889 1940 Troia
1938 1891 2111 1959 capta
2152 1880 2215 1941 in
2246 1877 2283 1946 1

301 1985 532 2036 ceteros
588 1975 877 2036 saevitum
926 1997 1056 2037 esse
1106 1976 1438 2050 Troianos3
1501 1978 1755 2049 duobuS,
1878 2028 2062 2079 ,trojans
2096 2027 2141 2069 in

300 2075 546 2134 Aeneae
572 2073 1002 2152 Antenorique,
1030 2085 1090 2135 et
1116 2074 1334 2135 vetusti
1362 2074 1487 2135 iure
1517 2074 1759 2154 hospitii
1830 2087 1969 2138 Italy:
1997 2088 2195 2156 Antenor,

300 2181 362 2230 et
389 2170 530 2248 quia
555 2172 720 2250 pacis
740 2172 1203 2251 reddendaeque
1229 2175 1503 2234 Helenae
1524 2193 1759 2252 semper
1826 2145 2054 2186 ⁵⁰⁸²¹⁶⁵th⁶
2070 2145 2211 2196 En‘m’

251 2288 274 2326 s
298 2278 571 2329 auctores
626 2271 898 2348 fueruntg
939 2261 1121 2346 &mne
1176 2268 1267 2329 ius
1328 2269 1466 2330 belli
1515 2269 1780 2330 Achivos
1834 2268 2207 2331 abstinuisse.

299 2363 537 2425 casibus
576 2365 796 2426 deinde
833 2364 1007 2425 variis·
1045 2368 1417 2427 Antenorem
1458 2386 1597 2426 cum
1638 2365 2021 2426 multitudine
2060 2369 2214 2428 Ene-
2242 2381 2272 2420 2

298 2473 444 2536 tum,
505 2462 607 2541 qui
661 2463 957 2525 seditione
1014 2484 1086 2524 ex
1103 2465 1551 2543 :Paphlagonia
1604 2465 1760 2543 pulsi
1815 2476 1875 2526 et
1930 2468 2102 2526 sedes
2150 2477 2211 2528 et

297 2559 517 2628 ducem
565 2580 702 2639 rege
752 2562 1109 2638 Pylaemene
1153 2564 1232 2622 ad
1275 2560 1519 2621 Troiam
1560 2561 1780 2622 amisso
1823 2563 2205 2640 quaerebant,

298 2657 530 2718 venisse
558 2658 620 2718 in
650 2659 947 2719 intumum
977 2659 1154 2719 maris
1175 2658 1465 2719 Adriatici
1494 2659 1691 2719 sinum
1711 2681 1729 2734 3
1769 2660 2203 2738 Euganeisque,
2236 2679 2269 2734 3

225 2785 274 2812 ιο
299 2754 402 2833 qui
469 2755 620 2817 inter
689 2777 850 2819 mare
918 2759 1223 2836 Alpesque
1290 2757 1651 2832 incolebant,
1725 2756 1909 2837 pulsis
1981 2759 2207 2819 Enetos

298 2855 710 2933 Troianosque
765 2876 866 2916 eas
921 2855 1184 2916 tenuisse
1240 2867 1439 2917 terras,
1542 2867 1602 2916 et
1656 2855 1719 2915 in
1775 2875 1956 2933 quem
2011 2854 2206 2934 primo

296 2952 508 3030 egressi
549 2962 688 3013 sunt
725 2954 926 3013 locum
965 2953 1147 3015 Troia
1173 2965 1434 3029 vocatur,
1467 2973 1743 3032 pagoque
1772 2951 2033 3012 Troiano
2062 2951 2205 3025 inde

295 3070 518 3112 nomen
552 3061 679 3124 est3
720 3069 866 3128 gens
893 3049 1168 3111 universa
1195 3050 1416 3111 Veneti
1443 3037 1738 3128 appellati.
1826 3053 2097 3111 Aeneam
2125 3052 2204 3112 ab
2230 3069 2269 3124 4

295 3147 470 3208 simili
507 3149 682 3217 clade
719 3149 903 3208 domo
941 3148 1272 3226 profugum,
1307 3149 1415 3209 sed
1452 3149 1532 3207 ad
1562 3147 1785 3208 maiora
1811 3167 2007 3207 rerum
2037 3148 2203 3207 initia

223 3277 270 3317 ις
293 3245 651 3306 ducentibus
694 3243 826 3304 fatis
868 3243 1061 3322 primo
1100 3244 1162 3302 in
1205 3243 1630 3304 Macedoniam
1668 3241 1918 3316 venisse,
1960 3243 2101 3304 inde
2138 3244 2201 3302 in

293 3343 552 3404 Siciliam
590 3353 975 3422 quaerentem
1013 3344 1186 3404 sedes
1215 3343 1509 3418 delatum,
1549 3342 1628 3403 ab
1666 3341 1865 3402 Sicilia
1902 3343 2089 3402 classe
2120 3342 2200 3402 ad

293 3443 651 3504 Laurentem
692 3429 899 3520 agrum
940 3439 1219 3502 tenuisse.
1305 3440 1489 3502 Troia
1529 3450 1590 3502 et
1626 3439 1766 3500 huic
1803 3441 1939 3499 loco
1975 3457 2200 3517 nomen
2226 3453 2262 3516 5

1884 3571 2034 3611 1—2
