2659 3942
1069 182 1359 247 LIBER
1412 183 1464 246 J.
2150 198 2227 268 43

520 338 1085 403 [XXXII—XXXIV.
1163 344 1264 393 The
1294 344 1434 407 reign
1468 343 1529 408 os
1550 346 1726 393 Ancus
1761 343 2028 403 Marcius-,J

319 436 721 502 indicerentur
786 444 943 503 bella
1006 442 1208 520 aliquo
1274 443 1406 517 ritu,
1454 443 1557 527 *ius
1622 443 1700 503 ab
1755 445 2001 520 antiqua
2054 454 2231 520 gente

321 539 684 615 AequiculiS,
719 531 903 646 &quod
952 561 1114 600 nunc
1164 540 1391 601 fetiales
1441 541 1681 615 habent,
1735 540 2060 618 descripsit,
2110 560 2232 617 quo

321 611 428 696 ries
450 602 816 715 repetuntur.

447 738 702 814 Legatus
731 736 836 798 ubi
864 739 942 797 ad
964 739 1113 797 fines
1135 757 1342 797 eorum
1366 737 1543 811 venit,
1570 739 1732 798 unde
1755 758 1845 797 res
1869 749 2229 815 repetuntur,
2262 740 2297 795 6

272 850 298 889 ⁵
324 833 517 911 capite
546 837 740 895 velato
769 837 871 896 filo
901 834 1098 914 (lanae
1126 838 1398 896 velamen
1429 835 1544 916 est)
1578 840 1613 867 “
1630 836 1787 910 audi,
1916 896 1973 937 d,
2047 895 2058 905 ,

326 933 641 1011 Iuppiter'’
669 933 881 1011 inquit,
917 934 1172 994 “audite
1206 936 1356 995 fines
1375 938 1405 964 ’'
1436 934 1793 1014 (cuiuscum-
1859 905 2175 1022 zgrtgnstitutes

324 1052 443 1110 que
469 1033 661 1110 gentis
691 1045 846 1106 sunt,
878 1033 1192 1113 nominat),
1230 1037 1264 1064 “
1281 1033 1487 1107 audiat
1515 1035 1638 1093 fas!
1681 1055 1793 1111 ego
1860 1014 2106 1055 5⁰¹m³¹st¹⁶⁵
2124 1026 2165 1053 ¹¹¹
2240 1040 2243 1045 '

1859 1087 1905 1113 re
1936 1073 2012 1113 ard
2031 1082 2074 1113 to
2091 1072 2165 1112 the

325 1150 458 1191 sum
487 1132 762 1209 publicus
791 1132 1036 1193 nuntius
1065 1132 1272 1210 populi
1303 1131 1564 1191 Romani
1586 1155 1603 1207 ;
1616 1132 1794 1201 ,iuste
1860 1086 2115 1173 deilaration
2135 1130 2183 1170 os

324 1228 541 1309 pieque
570 1233 816 1309 jegatus
865 1232 1040 1290 venio
1090 1231 1404 1307 verbisque
1450 1230 1597 1289 meis
1644 1232 1793 1290 fides
1862 1204 1959 1231 war

251 1347 302 1373 10
327 1329 416 1407 sit..
422 1332 451 1358 ”
521 1330 746 1408 peragit
775 1330 996 1390 deinde
1025 1332 1340 1407 postulata.
1414 1330 1557 1390 inde
1588 1332 1795 1390 Iovem
1825 1340 2038 1389 testem
2061 1326 2234 1387 facit:
2271 1350 2299 1408 7

331 1428 424 1487 “si
453 1449 564 1505 ego
593 1428 811 1489 iniuste
838 1429 1140 1507 impieque
1169 1428 1302 1489 illos
1332 1428 1606 1489 homines
1635 1428 1883 1506 illasque
1912 1448 2003 1487 res
2032 1424 2289 1486 dedier
2326 1426 2377 1479 ὴ
2398 1433 2431 1479 t
2420 1414 2611 1529 equites

329 1525 473 1599 mihi
507 1548 784 1605 exposco,
816 1541 944 1588 tum
983 1528 1208 1606 patriae
1243 1538 1589 1608 compotem
1625 1548 1721 1588 me
1750 1545 2079 1603 numquam
2110 1522 2239 1601 siris
2282 1552 2461 1591 ςηηκ,
2447 1562 2540 1602 ,ew
2521 1563 2614 1593 Ν,

327 1643 471 1684 esse.
479 1626 508 1653 ''
591 1626 755 1698 haee,
801 1645 939 1686 cum
990 1628 1140 1685 fines
1184 1624 1615 1702 suprascandit,
1662 1626 1827 1698 haee,
1874 1622 2241 1709 quicumque
2265 1626 2304 1682 8

311 1696 646 1807 §ei-'primus
675 1725 760 1782 vir
797 1722 1010 1783 obvius
1039 1722 1229 1797 fuerit,
1262 1725 1413 1784 haec
1441 1735 1675 1801 portam
1705 1721 2060 1801 ingrediens,
2092 1723 2240 1780 haec

257 1840 304 1886 ¹⁵,
327 1810 520 1879 forum
570 1820 868 1897 ingressus
916 1821 1122 1898 paucis
1169 1821 1365 1882 verbis
1390 1821 1691 1899 *carminis
1740 1817 2243 1897 concipiendique

314 1917 467 1993 ‚iuris
523 1916 756 1977 iurandi
813 1918 1054 1978 mutatis
1111 1918 1353 1997 peragit.
1448 1918 1498 1978 si
1554 1939 1677 1978 non
1734 1919 2037 1978 deduntur
2083 1934 2243 2002 quos
2272 1936 2307 1993 9

329 2014 610 2093 exposcit,
659 2015 873 2077 diebus
923 2016 1112 2077 tribus
1161 2029 1221 2077 et
1270 2016 1509 2094 triginta
1559 2015 1675 2095 (tot
1720 2015 1880 2076 enim
1926 2016 2243 2097 sollemnes

331 2113 495 2193 sunt)
536 2114 788 2191 peractis
831 2115 1057 2175 bellum
1099 2115 1182 2175 ita
1223 2114 1469 2176 indicit.
1531 2114 1725 2175 “audi
1770 2113 2038 2192 Iuppiter
2078 2123 2138 2171 et
2180 2122 2243 2169 tu
2280 2136 2351 2173 10

335 2214 480 2273 Iane
531 2211 781 2287 Quirine
831 2212 1015 2290 dique
1064 2233 1274 2274 omnes
1333 2215 1618 2274 caelestes
1670 2232 1896 2289 vosque
1947 2220 2244 2271 terrestres

258 2336 309 2362 20
333 2331 558 2389 vosque
600 2311 813 2371 inferni
853 2311 1094 2374 audite!
1144 2333 1256 2390 ego
1298 2317 1406 2373 vos
1449 2325 1647 2386 testor,
1693 2314 1984 2389 populum
2028 2310 2245 2370 illum”

334 2406 724 2487 (quicumque
779 2422 884 2484 est,
944 2408 1239 2489 nominat)
1301 2410 1640 2470 “iniustum
1698 2429 1844 2483 esse,
1902 2428 2098 2485 neque
2147 2406 2246 2485 ius

335 2509 682 2597 persolvere.
769 2510 877 2567 sed
925 2509 1004 2568 de
1053 2506 1178 2567 istis
1228 2507 1405 2567 rebus
1455 2507 1515 2566 in
1566 2506 1755 2587 patria
1803 2505 2057 2569 maiores
2102 2515 2252 2563 natu

336 2590 735 2679 consulemuS,
769 2624 890 2681 quo
929 2616 1107 2682 pacto
1146 2604 1237 2664 ius
1277 2617 1545 2665 nostrum
1576 2590 2027 2682 adip‘i's‘camur'’
2110 2621 2248 2661 cum

338 2701 408 2761 iis
457 2701 701 2761 nuntius
753 2705 1014 2762 Romam
1061 2704 1140 2763 ad
1191 2704 1654 2763 consulendum
1681 2703 1847 2764 redit.
1934 2700 2249 2763 confestim
2286 2726 2350 2763 11

266 2822 316 2859 2⁵
341 2819 442 2859 rex
478 2799 570 2858 his
608 2801 793 2859 ferme
822 2800 1016 2860 verbis
1055 2812 1250 2878 patres
1286 2801 1674 2862 consulebat:
1723 2804 2026 2877 “quarum
2056 2817 2250 2858 rerum

342 2898 532 2979 litium
576 2917 889 2977 causarum
930 2898 1197 2958 condixit
1236 2909 1405 2976 pater
1442 2908 1705 2975 patratus
1742 2897 1951 2975 populi
1990 2895 2252 2956 Romani
2304 2928 2309 2937 ·

344 2997 668 3073 Quiritium
698 2997 849 3075 patri
876 3009 1109 3075 patrato
1140 2997 1477 3057 Priscorum
1510 2994 1857 3056 Latinorum
1888 2992 2255 3054 hominibus·
2310 3018 2314 3026 ’

342 3116 460 3174 que
499 3096 714 3157 Priscis
755 3095 997 3169 Latinis,
1030 3115 1179 3173 quas
1218 3116 1310 3155 res
1346 3115 1459 3155 nec
1489 3096 1784 3155 dederunt
1812 3114 1925 3154 nec
1955 3096 2256 3153 solverunt

344 3214 455 3255 nec
510 3197 796 3271 fecerunt,
848 3214 996 3272 quas
1053 3214 1144 3254 res
1201 3194 1327 3254 dari
1386 3194 1511 3254 fieri
1569 3193 1716 3254 solvi
1773 3193 2050 3270 oportuit,
2105 3192 2255 3266 dic,''

271 3310 320 3347 ³0
343 3292 535 3370 inquit
599 3293 670 3366 ei,
731 3312 912 3370 quem
977 3292 1235 3369 primum
1301 3294 1659 3355 sententiam
1724 3292 1986 3371 rogabat,
2057 3293 2089 3321 “
2108 3290 2256 3367 quid

344 3394 644 3453 censes?''
708 3403 837 3451 tum
887 3392 1018 3452 ille:
1088 3396 1292 3475 “puro
1348 3392 1572 3471 pioque
1626 3394 1829 3455 duello
1848 3390 2358 3467 Aquaerendasaz

343 3510 578 3564 cense0‚
639 3489 842 3565 itaque
897 3491 1209 3550 consentio
1265 3489 1748 3567 consciscoque.''
1847 3488 1990 3547 inde
2045 3479 2256 3545 ordine

804 609 1001 651 κμοι
