2659 3942
417 209 492 252 10
1270 195 1480 255 Ην]
2642 0 2653 286 i

666 345 960 407 [IV—VII.
1036 347 1137 397 ne
1167 355 1302 412 story
1332 348 1395 413 qs
1416 349 1665 400 Romulus
1696 351 1808 400 and
1835 349 2065 412 Remus]
2118 395 2123 398 .

410 445 570 504 fama
637 457 728 506 est
796 426 1058 507 lhil'il'iric‘i
1077 439 1083 456 ¹
1103 427 1312 507 'fratris
1384 449 1647 508 Remum
1708 467 1899 509 novos
1960 445 2323 508 transiluisse

411 561 650 618 muros3
717 543 858 605 inde
923 545 1002 606 ab
1065 544 1216 606 irato
1283 548 1566 620 Romulo,
1625 566 1764 607 cum
1820 544 2015 606 verbis
2080 564 2323 624 quoque

409 639 769 722 increpitans
806 643 1120 709 adiecisset
1162 648 1198 676 ‘⁴
1214 644 1305 734 sic¹
1316 645 1564 741 Ndeinde
1600 645 1966 723 quicumque
1993 643 2143 704 alius
2171 655 2325 703 tran-
2648 505 2655 824 Ι

346 759 380 816 3
409 739 563 800 siliet
630 742 867 803 moenia
931 762 1066 803 mea
1089 745 1151 802 !''
1217 742 1611 804 interfectum.
1718 742 1800 803 ita
1868 745 2031 804 solus
2098 741 2323 820 potitus

409 837 659 919 imperio
729 843 1065 916 Romulus3
1149 840 1394 902 condita
1463 842 1605 902 urbs
1673 841 2001 902 conditoris
2077 839 2324 901 nomine
2350 861 2375 898 s

407 919 726 1014 appellata.⁸
806 938 1099 998 Palatium
1137 938 1414 1016 primum,
1444 938 1507 999 in
1536 959 1659 1017 quo
1694 939 1824 1016 ipse
1862 950 1987 999 erat
2014 940 2319 1013 educatuS‚

408 1032 638 1095 muniit.
725 1055 890 1095 sacra
923 1036 1015 1095 dis
1047 1035 1177 1096 aliis
1218 1037 1462 1096 Albano
1503 1036 1633 1110 ritu,
1672 1038 1904 1097 Graeco
1950 1035 2217 1108 Herculi,
2256 1046 2325 1095 ut

404 1132 484 1193 ab
523 1135 810 1194 Euandro
846 1133 1115 1194 instituta
1151 1121 1355 1209 erant,
1376 1134 1531 1195 facit.
1699 1120 1707 1128 ’
2255 1119 2265 1126 ”
2639 996 2657 1288 ⁴

668 1315 818 1378 [VII.
885 1329 1064 1378 4—15.
1147 1316 1199 1364 Τ
1188 1316 1250 1364 he
1275 1322 1411 1378 story
1440 1315 1506 1379 os
1523 1316 1764 1365 Hercules
1796 1316 1852 1364 in
1884 1316 2062 1380 Italy.]

342 1447 381 1502 4
529 1416 858 1476 Herculem
885 1413 958 1503 xin
995 1434 1068 1475 ea
1094 1417 1228 1475 loca
1265 1416 1543 1492 Geryone
1576 1413 1933 1492 interempto
1962 1413 2338 1494 boves-mira„

457 1541 666 1584 Hercules
691 1543 778 1584 aad
847 1507 1046 1591 specie
1074 1512 1344 1590 abegisse
1370 1524 1722 1585 memorant,
1745 1533 1817 1573 ac
1845 1533 2032 1591 prope
2055 1511 2322 1574 Tiberim
2351 1537 2403 1564 10

405 1600 557 1643 Cacus·
848 1612 1113 1685 fluvium,
1141 1631 1260 1692 qua
1287 1631 1429 1692 prae
1451 1631 1515 1671 se
1530 1623 1887 1699 Q
1906 1631 2089 1690 agens
2117 1612 2321 1670 nando

405 1709 727 1784 traiecerat,
757 1712 895 1770 loco
923 1709 1193 1783 herbido,
1225 1721 1292 1770 ut
1319 1709 1523 1786 quiete
1551 1721 1611 1770 et
1631 1708 1855 1786 pabulo
1876 1712 2035 1770 laeto
2056 1711 2323 1770 reficeret

345 1835 378 1895 5
406 1808 607 1882 boveS,
640 1819 701 1868 et
741 1808 940 1886 ipsum
982 1810 1205 1868 fessum
1242 1807 1341 1868 via
1380 1807 1787 1886 procubuisse.
1873 1793 1956 1868 ib‘i
1977 1793 2138 1868 'curn
2181 1827 2321 1868 eum

405 1907 544 1967 cibo
570 1908 833 1986 vinoque
869 1899 1176 1995 gravatum
1215 1925 1395 1984 sopor
1433 1908 1838 1984 oppressisset,
1880 1917 2080 1984 pastor
2115 1908 2323 1986 accola

405 2005 532 2065 ei'us
560 2004 678 2065 loci
699 2004 943 2065 nomine
967 2006 1180 2078 CacuS,
1205 2006 1371 2079 ferox
1385 2002 1624 2077 viribuS,
1646 2015 1856 2082 captus
1877 2003 2321 2082 pulchritudine
2352 2031 2397 2069 ις,

404 2105 590 2165 boum
629 2124 769 2166 cum
806 2114 1068 2184 avertere
1105 2122 1238 2163 eam
1277 2104 1563 2181 praedam
1591 2105 1784 2176 vellet,
1818 2101 1973 2180 quia,
2006 2102 2056 2162 si
2082 2103 2323 2188 agendo

403 2214 740 2264 armentum
777 2202 840 2261 in
879 2205 1227 2286 speluncam
1267 2200 1669 2283 compulisset²
1710 2200 1840 2278 ipsa
1867 2199 2113 2278 vestigia
2144 2221 2323 2278 quae—

404 2313 634 2362 rentem
690 2301 1004 2361 dominum
1061 2320 1135 2360 eo
1189 2301 1523 2360 deductura
1578 2310 1762 2373 erant,
1820 2319 2057 2360 aversos
2112 2301 2315 2374 boves,

405 2397 688 2458 eximium
737 2417 1039 2476 quemque
1086 2397 1548 2480 pulchritudine,
1602 2397 1809 2457 caudis
1858 2385 1923 2456 in
1970 2381 2317 2475 speluncam

344 2506 379 2562 6
405 2497 592 2557 traxit.
697 2498 994 2557 Hercules
1047 2498 1127 2557 ad
1182 2497 1435 2575 primam
1491 2517 1764 2558 auroram
1821 2516 2037 2558 somno
2092 2497 2319 2558 excitus
2346 2536 2400 2562 20

405 2615 544 2657 cum
572 2615 810 2674 gregem
838 2598 1247 2672 perlustrasset
1273 2595 1463 2656 oculis
1490 2607 1551 2656 et
1578 2606 1808 2674 partem
1836 2596 2047 2656 abesse
2068 2615 2319 2656 numero

405 2695 700 2770 sensisset,
751 2695 941 2774 pergit
994 2696 1073 2755 ad
1127 2694 1459 2772 proximam
1516 2697 1881 2772 speluncam,
1882 2695 1983 2800 Asi
2038 2696 2189 2755 forte
2232 2715 2331 2780 eg

403 2793 649 2874 vestigia
692 2796 924 2853 ferrent.
1012 2812 1167 2869 quae
1213 2791 1317 2852 ubi
1363 2791 1567 2851 omnia
1610 2793 1767 2851 foras
1808 2811 1975 2851 versa
2016 2789 2164 2852 vidit
2205 2811 2319 2853 nec

403 2892 466 2952 in
503 2903 733 2971 partem
771 2891 947 2951 aliam
986 2891 1152 2964 ferre,
1184 2891 1469 2950 confusus
1506 2900 1687 2966 atque
1724 2889 1986 2949 incertus
2023 2889 2209 2949 animi
2246 2909 2321 2949 ex

345 3017 375 3075 7
404 2994 540 3052 loco
585 2980 802 3051 infesto
843 3010 1016 3068 agere
1057 3009 1240 3078 pQ
1275 3000 1611 3084 artnentum
1655 2987 1906 3066 occepit.
1993 2987 2135 3048 inde
2178 3008 2317 3049 cum
2344 3021 2394 3060 25

403 3099 572 3148 actae
596 3089 600 3094 ’
621 3088 806 3155 boves
854 3088 1151 3164 quaedam
1183 3065 1699 3174 Q
1745 3097 1813 3146 ut
1854 3087 1935 3159 fit,
1981 3084 2334 3160 reli-emma
2396 3063 2467 3143 Q
2648 3016 2659 3157 i

404 3186 748 3265 mugissent,
801 3185 1034 3245 reddita
1085 3185 1450 3245 inclusarum
1505 3204 1577 3244 ex
1632 3186 1918 3262 spelunca
1968 3185 2153 3246 boum
2196 3204 2329 3264 393,
2440 3167 2455 3184 ’

408 3288 734 3347 Herculem
763 3283 1069 3344 convertit.
1143 3303 1322 3362 quem
1353 3304 1491 3344 cum
1507 3263 1833 3368 „ir-{dentem
1856 3266 1941 3344 ad
1970 3286 2315 3362 speluncam

404 3387 602 3448 Cacus
655 3383 714 3444 vi
775 3382 1090 3461 prohibere
1151 3394 1401 3443 conatus
1467 3394 1637 3457 esset,
1695 3382 1850 3442 ictus
1912 3384 2077 3442 clava
2133 3384 2315 3442 fidem

402 3492 708 3560 pastorum
749 3478 1118 3556 nequiquam
1159 3478 1446 3539 invocans
1488 3491 1681 3540 morte
1720 3479 2021 3539 occubuit.
2343 3516 2395 3552 30
