2659 3942
1071 165 1359 223 LIBER
1412 167 1463 223 J.
1614 252 1617 259 Ι
2153 167 2189 223 6
2194 180 2227 243 5

527 317 910 380 [XLIX-q-LX.
990 319 1092 371 The
1122 320 1268 383 reign
1301 320 1363 385 qf
1392 321 1702 385 ,Tarquinius
1736 322 2025 386 Superbus]

322 414 485 493 bona
526 414 818 491 amittant,
861 415 1010 494 quid
1051 416 1178 495 spei
1218 416 1478 481 melioris
1519 418 1745 479 Latinis
1782 407 2104 497 portendi?
2185 418 2235 481 si

323 532 398 588 se„
425 512 686 588 audiant,
723 515 974 587 domum
1014 535 1183 575 suam
1218 535 1521 594 quemque
1555 516 1697 577 inde
1734 516 2000 578 abituros
2038 538 2236 596 neque

325 611 511 689 magis
540 612 954 675 observaturos
985 614 1146 678 diem
1176 615 1415 676 concilii
1443 636 1627 694 quam
1649 616 1793 695 ipse,
1817 616 1921 695 qui
1942 616 2233 689 indixerit,

326 709 615 771 observet.
703 713 853 772 haec
893 724 1074 795 atque
1103 712 1233 820 3113
1260 716 1486 871 veodem
1526 714 1895 833 pertinentia
1920 710 2248 822 seditiosus
2269 735 2301 795 7

843 877 949 891 --η-..η
968 878 1012 890 „aa

330 927 468 966 cum
517 927 773 994 maxrngg
817 898 1143 993 dissereiet,
1191 906 1506 968 intervenit
1548 872 1925 987 Tarquinius
2012 909 2062 969 is
2106 909 2239 969 finis
2270 912 2305 967 8

331 1004 584 1065 orationi
621 1004 746 1065 fuit.
834 1004 1021 1065 aversi
1051 1026 1262 1067 omnes
1290 1008 1370 1067 ad
1399 1006 1792 1115 Tarquinium
1824 1008 2240 1067 salutandum·
2227 1054 2241 1080 ‚

332 1103 435 1181 qui
485 1102 719 1163 silentio
769 1106 928 1163 facto
977 1102 1240 1163 monitus
1289 1125 1325 1163 a
1374 1104 1673 1206 proximis,
1727 1118 1791 1165 ut
1840 1117 2113 1183 purgaret
2158 1126 2238 1178 se,

334 1202 499 1278 quod
532 1200 596 1261 id
625 1200 908 1278 temporis
936 1200 1211 1274 venisset,
1245 1177 1704 1279 discepi'atorem
1734 1203 1816 1263 ait
1840 1224 1907 1264 se
1918 1215 2242 1281 sumptum

261 1329 312 1356 10
335 1298 486 1358 inter
523 1309 752 1377 patrem
791 1309 850 1358 et
889 1298 1076 1359 filium
1092 1320 1258 1378 cura
1293 1300 1718 1361 reconciliandi
1755 1320 1858 1361 eos
1896 1301 1959 1361 in
1996 1301 2242 1379 gratiam

336 1406 632 1455 moratum
689 1414 854 1455 esse·
838 1440 855 1469 ,
918 1406 978 1454 et
1032 1394 1174 1472 quia
1220 1415 1292 1456 ea
1341 1416 1433 1455 res
1451 1476 1463 1480 -
1482 1396 1797 1485 exemisset
1846 1397 2013 1458 illum
2063 1398 2241 1469 diem,

337 1504 576 1573 postero
619 1492 718 1554 die
759 1504 1030 1556 acturum
1074 1514 1229 1571 quae
1271 1474 1691 1555 constituisset.
1778 1516 1855 1555 ιι3
1886 1494 1961 1587 1(1
1998 1495 2244 1573 quidem
2276 1511 2311 1567 9

337 1590 414 1650 ab
448 1591 669 1668 Turno
715 1590 920 1649 tulisse
964 1588 1212 1650 tacitum
1256 1591 1493 1665 ferunt;
1548 1590 1765 1651 dixisse
1810 1571 1971 1651 enim
2022 1593 2245 1651 nullam
2290 1619 2379 1667 w&
2387 1632 2420 1660 ss
2445 1634 2523 1681 ⁹1

339 1689 668 1750 breviorem
709 1709 838 1749 esse
867 1688 1271 1769 cognitionem
1301 1710 1482 1796 quam
1512 1688 1665 1750 inter
1693 1701 1919 1767 patrem
1951 1702 2009 1751 et
2040 1690 2243 1763 filium,
2279 1689 2321 1727 11
2328 1706 2415 1793 ’κῇι

267 1814 316 1851 ιε
339 1786 665 1865 paucisque
686 1785 927 1863 transigi
947 1784 1141 1849 verbis
1163 1804 1367 1862 posse:
1404 1784 1466 1845 ni
1488 1797 1691 1895 pareat
1710 1786 1878 1864 patri,
1904 1786 2248 1846 habiturum

337 1884 728 1979 infortunium
778 1904 924 1944 esse.
1011 1885 1162 1947 haec
1209 1882 1488 1943 Aricinus
1537 1883 1599 1943 in
1649 1904 1848 1961 regem
1900 1866 2245 1942 Romanum

340 2003 652 2060 increpans
681 2003 752 2044 ex
780 1981 1037 2045 concilio
1063 1980 1224 2042 abiit.
1299 2002 1479 2060 quam
1510 2002 1637 2042 rem
1665 1984 1807 2041 Tar-
1924 2032 2185 2085 Tarquinius

342 2081 580 2159 quinius
629 2081 965 2160 aliquanto
972 2098 1166 2158 quam
1216 2080 1528 2159 videbatur
1576 2079 1807 2157 aegrius
1871 2091 1985 2142 plats
2003 2091 2071 2131 his
2086 2092 2181 2135 des-

343 2182 540 2241 ferens
575 2179 890 2241 confestim
929 2183 1137 2240 Turno
1173 2200 1385 2241 necem
1407 2180 1805 2254 machinatur,
1844 2148 2133 2290 &menom-

269 2310 322 2340 20
343 2291 409 2341 ut
457 2282 718 2351 eundem
762 2291 1061 2355 terrorem,
1106 2299 1228 2357 quo
1271 2278 1515 2340 civium
1533 2278 1765 2340 animos
1809 2274 1975 2338 dorni
2016 2297 2255 2355 oppres-

345 2389 513 2452 serat,
584 2376 814 2437 Latinis
877 2376 1137 2446 iniceret.
1244 2387 1304 2437 et
1368 2376 1509 2453 quia
1572 2395 1681 2453 pro
1745 2374 1994 2454 imperio
2056 2376 2255 2452 palam
2286 2402 2316 2440 2

345 2475 597 2539 interfici
661 2495 785 2546 non
827 2486 1092 2553 poterat,
1159 2475 1365 2534 oblato
1430 2475 1578 2534 falso
1644 2472 1893 2534 crimine
1954 2473 2254 2534 insontem

345 2573 655 2653 oppressit.
718 2594 863 2651 ‚per
931 2574 1212 2640 adversae
1282 2572 1557 2634 factionis
1620 2574 1917 2650 quosdam
1979 2572 2255 2635 Aricinos

333 2693 582 2744 servum
637 2658 824 2733 Turni
874 2692 1019 2733 auro
1067 2671 1345 2749 corrupit,
1398 2672 1460 2731 in
1510 2670 1912 2733 deversorium
1961 2670 2088 2731 eius
2116 2670 2257 2751 ,vim

257 2802 324 2845 ⁶25
350 2792 627 2850 magnam
674 2770 1010 2849 gladiorum
1051 2770 1266 2834 inferri-
1306 2772 1461 2830 clam
1511 2769 1745 2829 sineret.
1832 2789 1903 2829 ea
1950 2788 2089 2827 cum
2140 2787 2261 2827 una
2288 2794 2321 2849 3

349 2861 526 2941 nocte
591 2872 868 2949 perfecta
914 2881 1130 2944 essent,
1163 2869 1553 2949 Tarquinius
1618 2871 1799 2947 paulo
1863 2879 2023 2936 ante
2042 2869 2259 2936 lucem

349 2968 554 3033 accitis
621 2968 702 3029 ad
767 2988 830 3027 53
896 2966 1263 3049 principibus
1330 2966 1684 3027 Latinorum
1742 2966 1937 3045 quasi
1978 2970 2040 3025 re
2106 2984 2263 3025 nova

352 3049 780 3143 perturbatuS,
813 3082 1042 3172 moram
1111 3084 1281 3123 5ιι3ιιι
1351 3042 1737 3172 1ι3513ιιι3ιιι,
1780 3063 1941 3122 velut
2010 3062 2263 3123 deorum

2464 1631 2577 1721 (si'st
2600 1693 2626 1711 =‹

2535 1815 2565 1825 .=

2531 1852 2601 1877 „2

279 3296 330 3335 30
353 3262 548 3322 fuisse.
633 3262 714 3320 ab
769 3262 977 3319 Turno
1033 3260 1152 3320 dici
1208 3260 1321 3319 sibi
1377 3271 1437 3320 et
1491 3257 1849 3337 primoribus
1903 3258 2263 3334 populorum
2296 3282 2329 3332 4

353 3360 545 3439 parari
585 3376 835 3432 necem,
895 3368 960 3416 ut
1027 3357 1377 3416 Latinorum
1444 3358 1606 3417 solus
1672 3353 1990 3431 imperium
2046 3362 2261 3413 teneat.

345 3459 804 3549 Qqssufflm.-
827 3454 1008 3525 fuisse
1043 3457 1342 3541 ,hesterno
1399 3454 1499 3517 die
1552 3454 1623 3517 in„
1665 3450 1961 3524 concilim
2014 3450 2269 3527 ,dilatam

520 3590 576 3633 E.
610 3590 662 3630 L.
699 3589 739 3629 ι.
1502 3577 1508 3585 “
2072 3584 2101 3645 5
