2659 3942
402 199 481 256 44
1259 184 1367 244 LI
1376 183 1466 243 VI

603 338 1159 398 [XXXII—XXXIV.
1241 340 1340 388 The
1375 341 1513 402 reign
1546 339 1609 404 of
1628 340 1804 389 Ancus
1838 339 2111 401 Marcius]

380 437 499 527 *alii
529 439 904 516 rogabantur,
931 441 1297 517 quandoque
1326 460 1460 517 pars
1490 439 1679 499 maior
1706 460 1912 521 eorum
1942 440 2046 517 qui
2072 441 2320 500 aderant

401 524 518 595 iis*
529 540 786 598 eandem
851 538 1208 598 sententiam
1271 538 1412 610 ibat,
1474 539 1699 598 bellum
1756 551 1880 598 erat
1936 557 2314 599 consensum.

403 634 528 696 fieri
567 636 827 707 solitum,
858 648 924 695 ut
961 636 1174 696 fetialis
1214 638 1448 695 hastam
1486 638 1762 696 ferratam
1800 636 2318 715 autganguineam

402 746 739 810 praeustam
785 736 862 795 ad
909 737 1059 795 fines
1106 754 1312 795 eorum
1360 736 1550 808 ferret,
1601 747 1660 795 et
1709 755 1831 795 non
1884 734 2081 793 minus
2133 733 2318 793 tribus

303 853 372 908 13
401 831 726 913 puberibus
755 832 1166 911 praesentibus
1195 832 1456 893 diceret:
1498 832 1953 916 ‘deopuli
1984 831 2316 892 Priscorum
2347 854 2370 892 ⁵

406 927 753 988 Latinorum
797 929 1195 1007 hominesque
1238 928 1425 988 Prisci
1470 928 1667 988 Latini
1707 931 1990 990 adversus
2029 931 2319 1008 populum

406 1028 752 1086 Romanum
784 1027 1110 1101 Quiritium
1139 1030 1412 1089 fecerunt
1442 1026 1835 1105 deliquerunt,
1869 1029 2036 1105 quod
2064 1028 2321 1105 populus

405 1127 718 1185 Romanus
771 1126 1095 1200 Quiritium
1119 1100 1372 1186 bellum
1422 1145 1560 1184 cum
1613 1124 1827 1185 Priscis
1879 1125 2105 1185 Latinis
2153 1124 2322 1185 iussit

403 1242 550 1297 esse,
593 1236 954 1302 senatusque
996 1224 1206 1302 populi
1247 1224 1511 1284 Romani
1551 1224 1942 1301 Quiritium
1914 1224 2146 1309 censuit
2184 1244 2322 1284 con-

404 1323 586 1398 sensit
625 1325 949 1401 conscivit„
965 1337 1029 1385 ut
1068 1326 1293 1385 bellum
1334 1345 1473 1384 cum
1516 1324 1729 1384 Priscis
1770 1324 1997 1384 Latinis
2026 1326 2207 1395 fieret,
2230 1314 2320 1383 ”ob
2350 1350 2399 1377 10

404 1440 538 1479 eam
589 1442 714 1482 rem
761 1443 872 1501 ego
922 1425 1302 1500 populusque
1347 1425 1661 1481 Romanus
1703 1421 1939 1500 populis
1984 1421 2319 1480 Priscorum

405 1518 753 1580 Latinorum
804 1520 1270 1596 hominibusque
1323 1518 1538 1578 Priscis
1584 1518 1810 1579 Latinis
1852 1518 2078 1578 bellum
2119 1517 2321 1578 indico

404 1617 731 1695 facioque.''
835 1619 898 1680 id
963 1619 1068 1679 ubi
1135 1618 1396 1691 dixisset,
1467 1619 1700 1677 hastam
1766 1616 1827 1676 in
1895 1619 2045 1676 fines
2089 1631 2319 1677 'eorum

306 1736 378 1789 14
405 1714 728 1775 emittebat.
816 1718 934 1776 hoc
980 1729 1107 1801 tum
1155 1717 1341 1776 modo
1386 1715 1465 1775 ab
1513 1713 1742 1775 Latinis
1793 1714 2076 1791 repetitae
2118 1735 2210 1774 res
2251 1734 2321 1773 ac

405 1814 628 1874 bellurn
671 1813 981 1888 indictum,
1030 1834 1380 1891 moremque
1423 1834 1561 1873 eum
1604 1813 1826 1891 posteri
1868 1826 2243 1891 acceperunt.
2350 1837 2398 1875 ιε

284 1920 377 1989 33
526 1916 734 1972 Ancus
783 1914 1146 1973 demandata
1193 1932 1335 1972 cura
1385 1932 1685 1972 sacrorum
1742 1912 2083 1972 flaminibus
2140 1932 2323 1973 sacer

455 2048 603 2089 Ancus
624 2048 697 2088 de,
852 1992 1215 2088 dotibusque
1270 2010 1400 2070 aliis
1456 2010 1714 2070 exercitu
1771 2002 1929 2071 novo
1985 2010 2357 2087 conscripto>

404 2106 598 2147 feats‘he
616 2105 778 2155 1⁴³⁰¹¹³
847 2111 1180 2207 profectus)
1200 2108 1552 2169 Politorium
1600 2109 1811 2169 urbem
1864 2109 2214 2169 Latinorum
2264 2108 2321 2166 vi

402 2166 527 2205 andr
506 2177 624 2205 remo
626 2177 699 2205 ves
716 2178 743 2205 a

403 2222 466 2263 lar
445 2236 520 2273 reg·
496 2222 720 2263 ernumbe
737 2230 782 2263 to
848 2219 1021 2284 ceplt,
1083 2219 1442 2284 secutusque
1498 2227 1726 2267 morem
1784 2228 1989 2285 regum
2038 2206 2317 2284 priorum,

405 2282 557 2331 Rome,
578 2281 694 2321 wher
649 2294 719 2321 ere

404 2340 478 2379 the
453 2353 509 2389 ey
527 2352 691 2390 000qu
709 2339 780 2379 the
851 2326 955 2383 qul
1011 2326 1135 2365 rem
1196 2308 1537 2365 Romanam
1593 2318 1877 2365 auxerant
1933 2305 2205 2367 hOStibUS
2259 2326 2322 2366 ln
2349 2334 2401 2361 ιο

103 2371 564 2543 ΛΜ
565 2412 632 2439 ¹¹⁰·
848 2403 1146 2464 civitatem
1176 2404 1559 2482 accipiendiS,
1593 2403 2038 2464 multitudinem
2078 2423 2323 2464 ornnem

85 2544 104 2567 s
342 2523 372 2561 2
405 2505 667 2563 Romam
697 2501 969 2563 traduxit.
1044 2513 1103 2561 et
1133 2522 1270 2562 curn
1303 2502 1459 2562 circa
1489 2501 1799 2575 Palatium,
1826 2503 2032 2561 sedem
2056 2513 2321 2592 ige-terum

405 2604 836 2672 Romanorum,
884 2598 1090 2659 Sabini
1139 2598 1506 2676 Capitolium
1556 2610 1736 2675 atque
1785 2618 2001 2671 arcem,
2048 2598 2321 2659 Caelium

403 2686 671 2761 montem
701 2697 924 2758 Albani
951 2697 1316 2775 implessent,
1344 2697 1711 2757 Aventinum
1741 2717 1933 2756 novae
1955 2696 2323 2757 multitudini

403 2802 628 2861 datum.
734 2796 924 2859 additi
987 2798 1205 2863 eodem
1262 2798 1427 2857 haud
1482 2796 1565 2855 ita
1622 2798 1810 2855 multo
1866 2807 2003 2873 post
2058 2794 2397 2867 Tellenis2⁵

336 2916 369 2972 3
403 2899 742 2976 Ficanaque
798 2895 986 2974 captis
1043 2882 1182 2955 novi
1238 2894 1413 2955 cives
1517 2893 1867 2954 Politorium
1925 2894 2067 2954 inde
2124 2914 2320 2953 rursus

400 2999 559 3058 bello
585 2997 920 3077 repetitum,
946 2997 1112 3073 quod
1135 3015 1390 3055 vacuum
1421 3004 1860 3071 occupaverant
1891 2993 2074 3053 Prisci
2104 2992 2315 3052 Latini.

400 3118 590 3176 eaque
655 3116 833 3156 causa
897 3079 1223 3155 diruaessfitsffle
1287 3092 1452 3151 urbis
1518 3092 1645 3152 eius
1703 3088 1818 3152 fuit
1877 3090 2183 3164 RomaniS,
2244 3110 2320 3151 ne

336 3218 373 3271 4
402 3195 664 3255 hostium
721 3213 956 3270 semper
1012 3193 1456 3269 receptaculum
1512 3200 1683 3251 esset.
1792 3200 2097 3267 postremo
2155 3190 2321 3269 offlni

401 3292 559 3372 bello
601 3290 817 3354 Latino
859 3288 1215 3373 Medulliam
1255 3290 1568 3364 compulso
1606 3284 1974 3363 aliquamdiu
2009 3285 2093 3346 ibi
2125 3266 2320 3347 Marte
2349 3317 2399 3353 30

401 3388 628 3451 incerto
672 3390 830 3449 varia
873 3386 1117 3448 victoria
1165 3398 1497 3465 pugnatum
1540 3398 1663 3447 est:
1722 3406 1862 3445 nam
1906 3397 1965 3445 et
2009 3386 2149 3446 urbs
2193 3398 2321 3445 tuta

401 3486 834 3547 munitionibus
876 3484 1292 3563 praesidioque
1334 3486 1565 3543 firmata
1598 3482 1795 3542 valido
1834 3493 1973 3555 erat,
2017 3492 2077 3541 et
2114 3482 2319 3542 castris
