2659 3942
344 51 428 124 ΘΚ,
455 107 498 120 ι»
523 95 553 124 ιι
577 81 707 120 alt
754 74 780 102 ἰ
819 52 1024 134 gfff&

1026 157 1309 217 LIBER
1362 158 1417 216 J.
2108 173 2183 230 29

503 313 956 376 [XXII—XXXI.
1037 313 1139 362 77te
1170 313 1311 376 reign
1342 311 1407 381 qs
1437 312 1615 362 Tullus
1646 311 1947 372 Hostilius.]

270 411 587 491 repetitum
651 431 718 472 se
772 410 1042 472 venisse·
1026 457 1043 485 ,
1112 410 1174 470 ni
1231 411 1573 483 reddantur,
1633 410 1859 475 bellum
1920 409 2184 470 indicere
2247 465 2297 509 τ

271 511 478 572 iussos,
565 512 645 571 ad
685 512 834 571 haec
871 512 1084 571 Tullus
1125 513 1161 541 “
1178 507 1496 569 nuntiate'’
1534 506 1784 586 inquit‘
1792 506 1943 586 ‘regi
1970 519 2182 583 vestre,
2216 526 2246 584 7
2289 490 2393 582 ὀἱὸ
2410 502 2429 530 2
2604 513 2614 520 ·

272 619 478 688 regem
514 611 861 670 Romanum
903 610 1054 669 deos
1091 610 1284 668 facere
1321 619 1520 681 testeS,
1561 618 1693 667 uter
1728 607 1891 685 prius
1927 609 2187 685 populus
2262 573 2332 667 ὡς
2370 600 2399 666 ’ἶ
2424 596 2470 672 's'
2499 639 2561 666 d.

273 726 366 767 res
413 718 748 785 repetentes
795 709 1021 785 legatos
1067 717 1417 783 aspernatus
1465 703 1769 779 dimiserit,
1822 715 1888 764 ut
1934 704 1997 764 in
2046 725 2185 765 eum
2340 743 2347 755 =
2388 737 2397 766 ι
2431 733 2448 766 ε
2464 711 2473 732 “·
2489 729 2551 764 ψ
2584 725 2601 786 ἦ

209 831 240 869 ⁵
273 826 484 867 omnes
539 815 820 884 expetant
869 803 1122 880 huiusce
1177 805 1379 865 clades
1435 803 1591 864 belli.
1599 806 1628 832 ''
1710 805 1860 863 haec
1909 773 2351 889 nuntiarat?

273 905 524 964 domum
545 903 783 964 Albani.
856 914 916 962 et
947 903 1168 962 bellum
1189 901 1490 980 utrimque
1512 906 1746 962 summa
2162 849 2353 942 '‘e-‘j

1812 963 1943 1004 mult
1960 962 2120 1005 in‘war.

272 1021 390 1080 ope
418 1002 749 1080 parabatur,
774 1000 931 1061 civili
959 998 1326 1060 simillimum
1356 1000 1532 1077 bello,
1558 1021 1745 1079 prope

272 1101 428 1161 inter
490 1111 766 1179 parentes
820 1111 1130 1176 natosque,
1189 1099 1514 1160 Troianam
1570 1111 1884 1177 utramque
1938 1102 2185 1178 prolem,

274 1219 414 1259 cum
447 1198 759 1260 Lavinium
787 1199 865 1259 ab
893 1197 1091 1272 Troia,
1121 1198 1200 1258 ab
1230 1197 1481 1258 Lavinio
1509 1198 1683 1272 Alba,
1715 1198 1793 1257 ab
1815 1198 2188 1258 Albanorum

191 1325 248 1352 10
275 1298 456 1376 stirpe
507 1319 712 1377 regum
767 1297 1005 1358 oriundi
1061 1297 1325 1358 Romani
1381 1309 1595 1358 essent.
1684 1309 1957 1360 eventus,
1986 1310 2189 1358 tamen
2219 1319 2249 1358 2

276 1397 417 1458 belli
465 1397 667 1458 minus
710 1395 1110 1464 miserabilem
1159 1394 1609 1472 dimicationem
1633 1395 1815 1470 jecit,
1862 1398 2028 1474 quod
2077 1416 2190 1457 nec

275 1495 404 1556 acie
453 1506 741 1556 certaturn
791 1506 896 1567 est,
944 1505 1004 1554 et
1052 1493 1224 1554 tectis
1266 1495 1453 1554 modo
1494 1494 1705 1554 dirutis
1746 1494 1985 1555 alterius
2026 1495 2190 1555 urbis

275 1594 400 1654 duo
441 1593 651 1671 populi
691 1593 754 1653 in
795 1613 985 1654 unum
1026 1591 1260 1653 confusi
1303 1603 1458 1652 sunt.
2321 1649 2331 1658 ,
2492 1652 2499 1660 ,

396 1691 619 1752 Albani
656 1691 880 1770 priores
918 1691 1145 1770 ingenti
1186 1691 1445 1751 exercitu
1489 1690 1551 1750 in
1592 1711 1799 1769 agrum
1844 1694 2189 1752 Romanum
2218 1651 2413 1769 3ιιιςιί
2438 1693 2451 1710 “
2473 1659 2583 1735 η’(

132 1870 136 1874 ¹
195 1820 247 1858 ις
275 1791 566 1869 impetum
621 1793 830 1851 fecere.
933 1802 1125 1851 castra
1178 1790 1258 1850 ab
1312 1791 1461 1850 urbe
1516 1791 1680 1850 haud
1735 1793 1869 1868 plus
1925 1790 2192 1868 quinque

277 1890 440 1950 milia
476 1910 720 1969 passum
759 1893 976 1964 locant,
1009 1891 1168 1949 fossa
1206 1888 1615 1949 circumdant:
1660 1889 1820 1948 fossa
1858 1888 2077 1951 Cluilia
2112 1888 2190 1949 ab

277 1989 523 2050 nornine
570 1989 742 2050 ducis
789 2009 896 2067 per
943 1987 1172 2066 aliquot
1221 1989 1459 2048 saecula
1506 1989 1802 2066 appellata
1842 1998 1949 2062 est,
1995 1988 2192 2048 donec

277 2107 416 2174 cum
456 2107 517 2146 re
556 2107 798 2166 nornen,
819 2105 1062 2164 quoque
1089 2096 1409 2178 Vssfflte..
1410 2085 1686 2146 abolevit.
1772 2085 1837 2145 in
1864 2086 1957 2146 his
1986 2085 2207 2146 castris
2213 2112 2256 2186 4

277 2185 532 2248 Cluilius
550 2185 825 2245 Albanus
847 2204 948 2244 rex
970 2183 1252 2270 moritur3
1285 2183 1637 2244 dictatorern
1663 2183 1885 2244 Albani
1908 2185 2189 2243 Mettium

198 2315 254 2342 ω
280 2281 580 2343 Fufetium
617 2293 834 2343 creant.
921 2281 1155 2342 interim
1195 2283 1407 2342 Tullus
1445 2284 1609 2342 ferox
1645 2283 1962 2360 praecipue
2000 2293 2191 2342 morte

278 2379 430 2458 regis
479 2399 884 2458 magnumque
920 2381 1171 2440 deorum
1205 2400 1447 2453 numen,
1479 2379 1602 2466 ab
1586 2400 1719 2458 1pso
1747 2379 1942 2458 capite
1968 2400 2187 2453 orsum,

279 2477 342 2536 in
381 2496 561 2537 omne
589 2497 813 2537 nomen
843 2476 1145 2537 Albanum
1176 2475 1572 2554 expetiturum
1600 2496 1829 2554 poenas
1856 2477 1937 2537 ob
1966 2477 2189 2537 bellum

279 2573 532 2653 impium
562 2572 859 2647 dictitans,
886 2585 1065 2634 nocte
1093 2573 1423 2651 praeteritis
1450 2573 1713 2634 hostium
1742 2573 1947 2633 castris
1974 2573 2191 2634 infesto

280 2670 540 2757 exercitu
587 2670 651 2730 in
698 2691 902 2748 agrum
948 2671 1252 2730 Albanum
1300 2670 1507 2748 pergit.
1592 2691 1665 2730 ea
1712 2690 1804 2731 res
1846 2670 1926 2730 ab
1970 2669 2193 2730 stativis
2222 2696 2254 2757 5

205 2796 254 2833 25
279 2766 494 2828 excivit
524 2765 822 2826 Mettium.
896 2765 1062 2826 ducit
1091 2786 1273 2844 quam
1300 2786 1590 2844 proxume
1616 2768 1697 2827 ad
1718 2768 1954 2826 hostem
1976 2778 2188 2843 potest.

279 2865 424 2927 inde
483 2867 741 2943 legatum
799 2864 1188 2942 praemissum
1245 2864 1519 2942 nuntiare
1573 2868 1753 2926 Tullo
1871 2907 1911 2946 Α
1948 2906 2194 2948 conterence

279 2965 463 3038 iubet,
493 2962 840 3050 priusquam
880 2962 1182 3037 dimicent,
1215 2983 1367 3041 opus
1406 2983 1537 3024 esse
1575 2967 1753 3048 collo·
1818 2963 2096 3064 {zepffiffiffd
2137 2964 2195 3015 by

280 3056 458 3141 quio:
503 3061 553 3122 si
590 3080 796 3122 secum
833 3080 1183 3139 congressus
1211 3060 1302 3135 sit,
1335 3059 1477 3121 satis
1504 3060 1653 3122 scire
1682 3081 1753 3122 ea
1819 3079 1999 3123 dictator
2014 3082 2196 3124 Mettius

281 3181 345 3223 se
399 3162 734 3232 allaturum,
788 3177 941 3236 quae
995 3156 1184 3217 nihilo
1239 3158 1438 3218 minus
1492 3160 1573 3219 ad
1628 3179 1753 3219 rem
1822 3139 1962 3181 Fufen
1950 3155 2029 3191 '‘¹²²''

205 3285 258 3322 30
283 3259 624 3319 Romanam
669 3275 851 3334 quam
899 3257 978 3316 ad
1017 3256 1320 3316 Albanam
1363 3256 1712 3334 pertineant.
1799 3261 1963 3320 haud
2003 3280 2197 3338 asper·
2224 3272 2259 3329 6

282 3368 458 3418 natus
494 3357 724 3429 TulluS,
733 3365 975 3446 tamen,
1008 3353 1058 3414 si
1085 3375 1238 3415 vana
1275 3357 1632 3432 adferantur,
1664 3356 1725 3416 in
1753 3358 1945 3419 aciem
1973 3358 2190 3419 educit.

284 3465 501 3516 exeunt
541 3464 751 3514 contra
793 3463 853 3512 et
893 3441 1130 3513 Albani.
1225 3465 1545 3531 postquam
1586 3455 1858 3516 instructi
1898 3457 2195 3535 utrimque
