2659 3942
369 106 374 111 ⁸
405 144 483 216 64
777 158 782 166 ·
1266 144 1465 202 Ην]

612 297 991 360 [XLIX—LX.
1067 300 1118 347 T
1109 299 1169 347 he
1201 300 1345 363 reign
1378 299 1441 362 os
1472 299 1785 363 Tarquinius
1816 298 2106 363 Superbus]

404 396 686 457 omnibus
729 409 1002 458 senatum
1045 397 1401 458 consulendi
1440 396 1630 471 solvit,
1672 396 2017 458 domesticis
2056 394 2319 457 consiliis

404 513 530 554 rem
601 493 903 571 publicam
976 494 1423 568 administravit,
1498 495 1725 555 bellum
1792 514 2006 572 pacem
2076 495 2320 555 foedera

407 593 724 655 societates
766 614 874 672 per
915 615 979 655 se
1007 594 1135 672 ipse
1177 615 1316 656 cum
1361 594 1581 672 quibus
1619 593 1805 655 voluit
1846 594 2074 655 iniussu
2112 592 2320 672 populi

341 702 378 758 8
405 712 476 752 ac
533 704 772 753 senatus
829 692 966 753 fecit
1022 693 1395 772 diremitque.
1485 694 1834 755 Latinorum
1891 694 2006 754 sibi
2061 693 2318 754 maxime

404 804 644 869 gentem
695 792 1068 867 conciliabat
1115 804 1180 853 ut
1227 792 1549 871 peregrinis
1590 813 1835 871 quoque
1877 792 2095 870 opibus
2136 792 2317 853 tutior
2344 823 2369 861 ς

405 890 557 952 inter
599 891 756 951 cives
799 903 970 965 esset,
996 911 1210 995 neque
1251 891 1511 968 hospitia
1552 893 1737 952 modo
1780 911 1919 951 cum
1937 890 2317 969 primoribus

341 1013 378 1068 9
406 1009 614 1051 eorum
665 992 771 1051 sed
820 962 1180 1051 adfinitates
1206 982 1451 1068 Quoque
1500 990 1799 1069 iungebat.
1888 990 2142 1053 Octavio
2191 994 2319 1051 Ma-

407 1089 572 1151 milio
609 1092 958 1151 Tusculano
997 1090 1072 1169 (is
1107 1092 1287 1171 longe
1292 1090 1602 1189 princeps
1643 1089 1840 1150 Latini
1877 1089 2139 1150 nominis
2173 1101 2313 1163 erat,

407 1186 456 1247 si
494 1189 688 1248 famae
727 1187 1040 1260 credimus,
1078 1187 1156 1246 ab
1195 1168 1382 1247 Vlixe
1408 1189 1641 1265 deaque
1680 1186 1856 1248 Circa
1893 1186 2227 1267 oriundus),
2259 1186 2317 1247 ei

410 1282 683 1342 Mamilio
725 1283 906 1343 filiam
950 1295 1204 1360 nuptum
1248 1285 1368 1356 dat,
1414 1303 1639 1361 perque
1680 1304 1782 1345 eas
1820 1283 2058 1362 nuptias
2096 1286 2319 1344 multos
2349 1313 2401 1340 ιο

407 1378 522 1439 sibi
563 1392 849 1458 cognatos
892 1379 1238 1457 amicosque
1280 1380 1408 1441 eius
1451 1380 1744 1441 conciliat.
2226 1432 2231 1437 .
2434 1384 2441 1389 '

528 1479 661 1537 Iam
729 1497 945 1554 magna
1011 1476 1300 1555 Tarquini
1363 1474 1681 1538 auctoritas
1744 1477 1897 1538 inter
1962 1477 2316 1539 Latinorum

457 1614 560 1654 Ata
577 1626 677 1655 ω,
843 1595 1118 1654 proceres
1167 1588 1305 1649 erat,
1354 1597 1493 1636 cum
1542 1576 1605 1636 in
1654 1576 1816 1638 diem
1866 1589 2087 1637 certam
2131 1588 2196 1637 ut
2237 1579 2317 1638 ad

406 1671 574 1712 ‘effice
592 1672 641 1713 0f
655 1671 779 1713 La‘m
846 1676 1050 1735 lucum
1094 1676 1152 1734 F
1144 1674 1447 1735 erentmae
1488 1675 1849 1736 conveniant
1891 1674 2135 1736 indicit.
2186 1696 2317 1736 esse

406 1729 743 1840 ῗῖἰιῖῗιέιῖυὲἕιῦε
847 1795 1001 1853 quae
1067 1794 1240 1851 agere
1305 1777 1383 1836 de
1443 1775 1621 1835 rebus
1678 1760 2149 1835 communibus
2157 1773 2312 1835 velit.
2347 1810 2397 1847 15

408 1854 511 1887 tests
527 1846 694 1898 against
710 1846 780 1887 the
1087 1872 1098 1883 .
1755 1874 1766 1885 .
2192 1873 2205 1885 .

346 1900 376 1938 2
405 1905 558 1946 absent
576 1905 682 1947 Tar.
848 1884 1214 1932 conveniunt
1257 1874 1615 1952 jrgquemes
1681 1893 1871 1950 pnma
1936 1876 2084 1935 luce.
2188 1893 2317 1952 lpse

341 1983 349 1995 ”
407 1962 588 2015 quinius.
848 1971 1207 2050 Tarquinius
1237 1972 1400 2033 diem
1430 1972 1677 2050 quidem
1705 1972 1971 2047 servavit,
1998 1974 2105 2034 sed
2134 1975 2316 2051 paulo

406 2080 546 2130 ante
593 2089 776 2148 quam
825 2071 915 2129 sol
964 2069 1264 2130 occideret
1307 2069 1485 2131 venit
1574 2071 1762 2130 multa
1808 2068 1894 2130 ibi
1942 2080 2072 2130 toto
2114 2069 2213 2131 die
2238 2070 2327 2137 jn

342 2194 376 2250 3
407 2167 663 2228 concilio
711 2167 884 2229 variis
932 2168 1147 2229 iactata
1195 2168 1570 2229 sermonibus
1614 2179 1795 2228 erant.
1882 2171 2122 2229 Turnus
2166 2172 2319 2230 Her-

408 2264 624 2325 donius
661 2266 741 2326 ab
766 2265 964 2326 Aricia
1001 2266 1326 2328 ferociter
1308 2288 1373 2327 m
1410 2268 1722 2329 absentem
1759 2267 2155 2345 Tarquinium
2193 2282 2319 2331 erat
2346 2299 2402 2327 20

404 2361 709 2423 invectus:
774 2364 937 2423 haud
993 2362 1209 2423 mirum
1265 2384 1396 2425 esse
1452 2364 1755 2459 Superbo
1772 2364 2029 2427 inditum
2083 2369 2318 2427 Romae

343 2468 350 2473 ‘
405 2479 741 2538 cognomen
811 2459 954 2539 (iam
1009 2460 1172 2521 enim
1235 2461 1318 2522 ita
1384 2465 1537 2522 clam
1603 2462 1849 2573 quidem
1917 2464 2399 2539 mussitantesffll-
2440 2510 2498 2547 ἱ(
2540 2499 2561 2528 ,κ

401 2562 580 2663 xgglgo
619 2570 818 2621 tamen
858 2581 996 2621 eum
1035 2536 1484 2669 appellabant)·
1467 2605 1484 2634 ,
1526 2582 1604 2621 an
1646 2561 1969 2640 quicquam
2004 2552 2317 2641 superbius

337 2686 377 2740 4
405 2678 535 2719 esse
578 2678 759 2736 quam
781 2657 1093 2718 I'udificari
1136 2658 1221 2719 sic
1262 2678 1446 2719 omne
1487 2679 1712 2719 nomen
1753 2660 2078 2723 Latinum?
2160 2662 2317 2739 prin-

405 2756 638 2835 cipibus
693 2760 871 2836 longe
931 2777 968 2816 a
1031 2758 1218 2817 domo
1283 2756 1487 2817 excitis
1552 2756 1765 2834 ipsum,
1825 2758 1930 2836 qui
1993 2760 2315 2821 concilium
2344 2787 2396 2825 25

403 2856 693 2931 indixerit,
726 2876 851 2916 non
889 2858 1115 2917 adesse.
1203 2854 1479 2933 temptari
1517 2857 1785 2933 profecto
1822 2856 2186 2935 patientiam,
2229 2870 2311 2951 ut,

339 2977 370 3038 5
403 2954 452 3014 si
499 2954 706 3033 iugum
754 2955 1106 3034 acceperint,
1155 2954 1450 3015 obnoxios
1498 2966 1743 3031 premat.
1832 2955 1929 3015 cui
1978 2956 2139 3016 enim
2188 2977 2313 3017 non

401 3070 701 3159 apparere,
733 3053 1032 3112 adfectare
1069 3072 1206 3112 eum
1249 3051 1655 3160 imperium
1601 3051 1662 3111 in
1695 3052 1985 3113 Latinos?
2067 3056 2234 3132 quod
2262 3054 2312 3114 si

401 3148 494 3208 sui
531 3148 690 3215 bene
727 3129 1099 3209 crediderint
1111 3126 1335 3224 cives
1344 3160 1446 3209 aut
1486 3149 1533 3210 si
1572 3149 1865 3211 creditum
1902 3150 2052 3212 illud
2091 3164 2151 3213 et
2188 3172 2311 3213 non

399 3257 636 3325 raptum
674 3245 990 3329 ψιιὶεἰρἱ)
1031 3212 1126 3323 51τῖι
1154 3250 1397 3309 credere
1434 3261 1494 3309 et
1534 3247 1797 3323 LatinOS,
1828 3268 2195 3357 quamquam
2233 3273 2311 3314 ne
2338 3284 2393 3322 30

335 3349 370 3405 6
399 3345 484 3405 sic
523 3345 768 3424 quidem
806 3345 1188 3424 alienigenae,
1221 3348 1478 3408 debere:
1524 3345 1614 3405 sin
1654 3365 1795 3406 suos
1835 3345 1962 3406 eius
1990 3348 2306 3425 paeniteat,

398 3444 622 3524 quippe
666 3444 770 3523 qui
807 3442 907 3505 alii
949 3434 1126 3527 super
1165 3446 1314 3506 alios
1355 3444 1739 3518 trucidentur,
1772 3446 2107 3506 exsulatum
2150 3460 2305 3523 eant,
