2659 3942
1017 199 1304 258 LIBER
1358 201 1412 258 I.
2103 214 2175 272 27

494 351 926 413 [XVIII—XXI.
1005 354 1103 404 ne
1135 355 1275 418 reign
1307 355 1372 419 qf
1391 355 1570 404 Numa
1601 355 1926 419 Pompilius.]

268 470 430 511 sacra
477 451 778 552 pontificis
828 451 989 513 scitis
1031 452 1299 527 subiecit,
1346 465 1413 513 ut
1454 465 1626 530 esset,
1672 474 1795 532 quo
1837 456 2178 515 consultum

265 549 470 628 plebes
511 539 753 624 veniret,
800 571 876 610 ne
926 551 1072 628 quid
1121 550 1306 612 divini
1355 551 1495 612 iuris
1546 554 1917 631 neglegendo
1958 551 2180 631 patrios
2243 586 2305 616 m
2329 561 2534 642 qlcnlun

265 645 409 707 ritus
436 647 896 726 peregrinosque
924 648 1319 709 adsciscendo
1349 649 1719 725 turbaretur3
1756 671 1869 711 nec
1898 653 2181 711 caelestes
2210 660 2287 716 ri.
2335 673 2467 700 anu
2482 661 2504 702 s·
2520 644 2575 696 ”⁴2

267 746 451 805 modo
489 744 879 807 caerimonias
918 748 1026 807 sed
1062 746 1217 806 iusta
1255 766 1499 824 quoque
1538 747 1809 809 funebria
1834 749 2185 826 placandos-
2263 768 2301 800 ν
2332 756 2438 806 (
2418 770 2449 798 -›
2486 763 2510 795 ό

216 863 239 902 s
266 861 384 918 que
421 862 628 902 manes
647 854 734 934 ut
770 842 933 904 idern
971 844 1241 922 pontifex
1278 846 1573 920 edoceret,
1606 865 1882 924 quaeque
1915 845 2185 924 prodigia
2243 873 2271 897 c
2291 852 2315 889 ⁸
2336 851 2402 899 ι(

265 917 615 999 fulminibus
663 938 856 999 aliove
913 959 1035 1018 quo
1090 939 1219 1001 visu
1275 940 1457 1000 missa
1512 941 1951 1021 susciperentur
2003 953 2185 1020 atque
2246 945 2319 1004 Ξ(
2338 963 2395 987 ι·
2408 965 2454 1036 ⁸.)

265 1048 624 1096 curarentur.
711 1039 791 1098 ad
845 1057 917 1097 ea
973 1037 1265 1099 elicienda
1314 1058 1388 1098 ex
1435 1038 1738 1099 mentibus
1787 1037 2003 1099 divinis
2054 1038 2185 1099 Iovi
2242 1030 2316 1099 (
2456 1063 2541 1100 η

267 1132 462 1194 Elicio
525 1154 688 1194 aram
749 1134 811 1193 in
868 1137 1171 1196 Aventino
1229 1135 1464 1209 dicavit,
1524 1138 1828 1214 deumque
1884 1127 2185 1196 consuluit

265 1230 539 1310 auguriis,
587 1252 742 1310 quae
785 1232 1165 1311 suscipienda
1206 1244 1421 1293 essent.
2525 1311 2534 1316 -

189 1352 240 1378 10
387 1333 488 1392 Ad
556 1333 706 1391 haec
776 1333 1174 1392 consultanda
1241 1333 1737 1409 procurandaque
1802 1331 2184 1393 multitudine
2206 1284 2299 1413 εἰ

265 1429 433 1489 omni
460 1450 497 1489 a
516 1428 574 1488 vi
602 1441 662 1489 et
689 1428 867 1489 armis
897 1441 1271 1524 conversa7et
1300 1429 1484 1488 animi
1513 1429 1740 1507 aliquid
1861 1472 1928 1523 By
1952 1471 2123 1514 mm,
2110 1486 2185 1514 un

266 1529 502 1605 agendo
545 1527 822 1606 occupati
865 1539 1048 1600 erant,
1094 1539 1153 1586 et
1195 1529 1447 1588 deorum
1489 1528 1743 1590 adsidua
1809 1539 2059 1598 provemfnt
2078 1531 2161 1630 ἷξε
2250 1530 2258 1534 ’

266 1625 531 1686 insidens
569 1646 726 1700 cura,
759 1640 898 1685 cum
936 1624 1220 1686 interesse
1255 1627 1433 1687 rebus
1462 1628 1739 1687 humanis
1809 1589 2053 1698 {2313
2068 1602 2151 1688 it:

267 1705 520 1784 caeleste
577 1743 800 1784 numen
856 1723 1168 1801 videretur,
1217 1745 1289 1784 ea
1345 1725 1564 1803 pietate
1619 1745 1743 1786 om·
1812 1704 2083 1758 ”⁸³⁸hb0m’
2342 1805 2347 1815 μ

191 1840 239 1878 15
268 1823 434 1883 nium
462 1833 705 1901 pectora
733 1818 1042 1895 imbuerat,
1075 1834 1141 1882 ut
1170 1823 1320 1884 fides
1349 1844 1421 1884 ac
1444 1823 1886 1911 {Qulapdum
1912 1821 2186 1906 proximo
2265 1792 2315 1852 ἡ
2344 1826 2392 1852 ””
2416 1806 2483 1852 '⁰³
2509 1826 2551 1850 ⁴·

267 1925 465 2002 legum
514 1942 584 1982 ac
633 1942 962 2000 poenarum
1013 1933 1176 1982 metu
1227 1922 1528 1984 civitatem
1570 1907 1856 2002 regerent.
1944 1934 2003 1984 et
2046 1943 2183 1983 cum
2215 1942 2245 1981 2
2272 1901 2361 1952 θ’*
2452 1914 2471 1933 “’

268 2019 380 2098 ipsi
437 2040 500 2080 se
555 2018 832 2079 homines
887 2018 950 2077 in
1006 2017 1174 2097 regiS,
1227 2021 1389 2080 velut
1444 2020 1606 2080 unici
1661 2019 1932 2099 exempli,
1992 2039 2187 2080 mores
2302 2025 2339 2076 ⁰.
2386 2033 2397 2056 ¹

268 2118 605 2189 formarent,
658 2126 787 2175 tum
837 2115 1094 2176 finitumi
1143 2115 1323 2176 etiam
1366 2117 1589 2196 populi,
1636 2118 1743 2196 qui‘
1780 2129 1957 2183 antea
1997 2129 2189 2178 castra
2284 2135 2327 2159 ὦ
2356 2146 2363 2160 =
2394 2150 2402 2160 ·
2454 2121 2463 2154 ⁸
2492 2131 2525 2156 ⁸¹⁴
2560 2115 2569 2151 ²

270 2235 393 2275 non
432 2215 644 2275 urbem
683 2212 939 2292 positam
980 2213 1040 2272 in
1081 2213 1282 2275 medio
1320 2218 1400 2276 ad
1441 2216 1877 2292 sollicitandam
1916 2214 2185 2276 omnium
2246 2213 2306 2258 *ο
2370 2215 2449 2242 '³‘
2510 2233 2517 2240 ’

193 2337 243 2363 20
269 2331 482 2391 pacem
531 2309 921 2384 crediderant,
974 2309 1036 2370 in
1087 2330 1220 2370 eam
1263 2311 1683 2373 verecundiam
1733 2311 1979 2373 adducti
2029 2322 2184 2386 sunt,
2254 2297 2278 2307 Α

269 2421 336 2470 ut
392 2408 690 2470 civitatem
746 2420 936 2470 totam
993 2409 1055 2468 in
1112 2410 1340 2469 cultum
1398 2431 1627 2470 versam
1685 2412 1935 2471 deorum
1983 2408 2189 2470 violari

271 2507 558 2566 ducerent
612 2505 794 2563 nefas.
880 2479 1099 2563 luffls
1106 2515 1245 2577 erat,
1308 2524 1489 2581 quem
1546 2503 1812 2566 medium
1868 2525 1942 2565 ex
1996 2524 2189 2582 opaco
2214 2525 2249 2582 3

273 2623 455 2681 specu
494 2603 628 2662 fons
667 2600 914 2680 perenni
952 2601 1180 2679 rigabat
1217 2621 1390 2679 aqua.
1478 2621 1599 2680 quo
1639 2601 1779 2679 quia
1812 2621 1877 2662 se
1904 2620 2189 2680 persaepe

273 2702 477 2761 Numa
517 2699 644 2761 sine
674 2699 913 2778 „arbitris
949 2701 1114 2776 velut
1151 2701 1230 2760 ad
1268 2719 1653 2778 congressum
1692 2701 1842 2760 deae
1879 2699 2187 2774 inferebat,

194 2821 245 2860 2⁵
272 2799 555 2880 §amen-is
602 2818 742 2859 eum
791 2801 994 2858 lucum
1045 2797 1310 2872 sacravit,
1360 2800 1525 2877 quod
1566 2817 1769 2858 earum
1811 2796 1894 2858 ibi
1938 2796 2192 2866 concilia

273 2919 411 2959 cum
450 2898 703 2976 coniuge
741 2917 849 2957 sua
887 2896 1101 2974 Egeria
1139 2907 1353 2957 essent.
1440 2908 1500 2957 et
1538 2896 1648 2975 soli
1689 2894 1858 2957 Fidei
1900 2897 2190 2974 sollemne
2270 2901 2369 2950 lm

271 2994 541 3056 instituit.
627 2996 706 3054 ad
755 2992 818 3054 id
861 2992 1181 3066 sacrarium
1223 2993 1495 3054 flamines
1537 2993 1689 3076 bigis
1731 3012 1905 3053 curru
1946 3003 2189 3053 arcuato
2212 3018 2253 3072 4

272 3094 409 3155 vehi
474 3092 658 3167 iussit,
719 3111 1021 3170 manuque
1086 3093 1166 3152 ad
1221 3091 1439 3170 digitos
1495 3112 1687 3170 usque
1742 3092 2008 3153 involuta
2062 3112 2188 3152 rem

273 3190 537 3252 divinam
581 3191 788 3262 facere,
834 3188 1233 3267 significantes
1277 3191 1461 3250 fidem
1504 3190 1817 3250 tutandam
1862 3190 2188 3266 sedemque

199 3319 249 3356 30
274 3287 401 3348 eius
443 3285 623 3346 etiam
665 3284 728 3344 in
770 3284 1025 3345 dexteris
1068 3297 1368 3346 sacratam·
1402 3305 1549 3346 esse.
1636 3286 1824 3345 multa
1865 3284 1981 3345 alia
2018 3283 2189 3343 sacri-
2216 3299 2247 3359 5

273 3386 409 3447 ficia
463 3387 716 3463 locaque
772 3385 950 3478 sacris
1005 3385 1310 3461 faciendis,
1372 3406 1524 3465 quae
1580 3389 1809 3464 Argeos
1874 3383 2188 3463 pontifices

273 3497 508 3559 vocant,
535 3483 848 3545 dedicavit..
914 3484 1183 3545 omnium
1213 3495 1416 3547 tamen
1441 3484 1765 3545 maximum
1788 3483 1916 3542 eius
1938 3499 2187 3558 operum

2574 2007 2592 2036 Ο

2272 2385 2443 2430 μί’..ί
2492 2406 2499 2418 .
