2659 3942
352 157 427 211 24
1221 135 1326 193 LI
1333 134 1429 191 VJ

582 293 1014 356 [XVIII—XXI.
1090 291 1194 340 The
1227 292 1371 355 reign
1402 290 1464 353 eff
1483 291 1663 340 Numa
1695 289 2013 354 Pompilius]

233 388 322 457 18
473 393 689 454 Inclita
763 391 986 453 iustitia
1061 390 1385 469 religioque
1462 409 1535 450 ea
1601 398 1955 466 tempestate
2026 388 2265 446 Numae

402 523 550 564 Numa
578 523 704 565 Pom·
794 487 1054 568 Pompili
1109 499 1248 549 erat.
1337 486 1597 549 Curibus
1653 485 1887 547 Sabinis
1936 483 2259 557 habitabat,

347 579 488 632 ¹³³5&-
790 587 1266 649 consultissimus
1336 585 1437 661 vir,
1511 597 1576 646 ut
1648 584 1710 644 in
1778 585 1879 644 illa
1949 583 2261 693 quisquam

347 704 478 744 esse
532 697 727 746 aetate
781 699 1026 765 poterat,
1078 685 1276 747 omnis
1332 684 1514 746 divini
1572 695 1753 762 atque
1807 681 2056 743 humani
2102 680 2260 741 iuriS.

288 800 319 839 2
349 794 655 866 auctorem
711 785 1030 873 doctrinae
1066 785 1218 870 9³¹1&
1273 783 1415 861 quia
1471 803 1595 843 non
1650 793 1841 868 exstat
1894 781 2061 856 aliuS‚
2113 782 2263 840 falso
2289 809 2314 848 ς

349 857 615 942 Samium
646 884 1042 961 Pythagoram
1071 884 1275 954 edunt,
1308 900 1491 959 quem
1520 879 1724 940 Servio
1752 877 1954 939 Tullio
1982 888 2264 956 regnante

352 981 586 1040 Romae
639 991 883 1040 centum
938 980 1194 1058 amplius
1249 990 1387 1057 post
1441 999 1633 1039 annos
1688 978 1751 1037 in
1798 976 2009 1038 ultima
2056 975 2264 1038 Italiae

351 1097 454 1138 ora
490 1077 646 1138 circa
688 1081 1108 1157 Metapontum
1151 1081 1632 1156 Heracleamque
1665 1088 1725 1138 et
1753 1075 2125 1155 Crotonam
2109 1094 2267 1136 iuve-

288 1195 320 1249 3
351 1196 498 1235 num
545 1177 975 1268 aemulantium
1026 1176 1224 1237 studia
1268 1189 1477 1237 coetus
1526 1175 1808 1236 habuisse
1855 1185 2105 1236 constat.
2192 1193 2265 1234 ex

352 1273 569 1352 quibus
612 1274 775 1348 lociS,
821 1275 933 1336 etsi
963 1253 1244 1336 eiusdem
1285 1275 1496 1335 aetatis
1526 1273 1761 1354 fuisset
1806 1293 1961 1351 quae
2001 1270 2311 1338 famaaim
2292 1299 2343 1326 10

352 1372 650 1433 Sabinos?
730 1385 833 1434 aut
889 1394 1026 1452 quo
1064 1372 1304 1451 linguae
1360 1372 1723 1440 commercio
1772 1391 2137 1450 quemquam
2184 1372 2263 1430 ad

352 1471 739 1549 cupiditatem
783 1472 1056 1534 discendi
1097 1472 1453 1534 excivisset?
1535 1493 1731 1551 quove
1770 1471 2068 1551 praesidio
2109 1492 2263 1532 unus

351 1587 458 1644 per
484 1579 573 1629 tot
601 1581 808 1648 gentes
837 1569 1109 1634 dissonas
1139 1590 1415 1630 sermone
1444 1569 1830 1648 moribusque
1857 1569 2264 1647 pervenisset?

286 1687 323 1738 4
351 1679 563 1746 suopte
627 1668 804 1746 igitur
865 1668 1107 1747 ingenio
1171 1680 1567 1746 temperatum
1626 1669 1900 1732 animum
1926 1667 2267 1732 ..virtutibus

350 1766 530 1827 fuisse
578 1767 792 1845 opinor
840 1767 1043 1846 magiS,
1087 1768 1567 1846 instructumque
1608 1787 1732 1827 non
1775 1779 1897 1828 tam
1938 1765 2261 1844 peregrinis
2292 1795 2340 1833 15

249 1867 258 1878 ’
350 1865 575 1926 artibus
614 1885 794 1944 quam
824 1867 1141 1943 disciplina
1178 1865 1387 1927 tetrica
1422 1886 1494 1926 ac
1528 1865 1679 1926 tristi
1710 1876 1977 1926 veterum
2018 1865 2263 1926 Sabino—

129 1961 170 2026 ’κ
213 1977 244 1992 “’
350 1983 498 2038 ιιιιιι,
542 1984 663 2043 quo
701 1984 940 2046 genere„
961 1967 1192 2025 nullum
1235 1966 1546 2046 quondam
1585 1963 1982 2041 incorruptius
2023 1962 2149 2023 fuit.

287 2076 317 2136 5
470 2061 700 2123 Audito
747 2062 993 2123 nomine
1043 2064 1280 2123 Numae
1328 2074 1526 2140 patres
1571 2061 1848 2136 Romani,
1894 2082 2259 2140 quamquam

401 2211 486 2253 His
510 2211 691 2254 electio„
790 2159 1056 2221 inclinari
1096 2179 1244 2238 opes
1279 2160 1360 2220 ad
1398 2159 1651 2220 Sabinos
1686 2180 1821 2238 rege
1848 2159 1992 2221 inde
2020 2170 2260 2236 sumpto

349 2267 384 2312 is
411 2283 489 2312 oon
463 2270 542 2311 nrfi
521 2284 610 2312 rem
611 2272 639 2312 d
665 2271 726 2323 by
791 2258 1162 2332 videbantur,
1205 2269 1408 2318 tamen
1448 2278 1644 2336 neque
1682 2278 1747 2318 se
1786 2257 2103 2338 quisquam
2146 2278 2259 2318 nec
2284 2294 2340 2322 20

346 2341 469 2380 ΜΨ
469 2342 550 2372 ω*
788 2355 1062 2415 factionis
1117 2376 1261 2416 suae
1313 2356 1497 2416 alium
1553 2376 1667 2417 nec
1715 2356 1977 2434 denique
2025 2368 2259 2434 patrum

347 2462 451 2511 aut
491 2451 710 2512 civium
753 2472 1118 2532 quemquam
1159 2457 1453 2532 praeferre
1495 2454 1579 2515 illi
1616 2453 1741 2515 viro
1782 2455 1913 2514 ausi
1952 2456 2032 2514 ad
2071 2475 2258 2514 unum

341 2570 558 2614 omnes
597 2554 835 2615 Numae
874 2553 1173 2631 Pompilio
1211 2573 1459 2632 regnum
1488 2555 1880 2616 deferendum
1910 2557 2254 2615 decernunt.

283 2655 318 2711 6
340 2623 773 2729 accithsicut
812 2650 1109 2709 Romulus
1145 2660 1443 2732 augg-rato
1473 2650 1620 2711 urbe
1658 2652 1977 2732 condenda
2010 2670 2257 2729 regnum

345 2747 598 2824 adeptus
635 2757 742 2821 est,
775 2748 854 2807 de
891 2767 956 2808 se
995 2767 1236 2826 quoque
1274 2750 1423 2808 deos
1461 2748 1693 2809 consuli
1731 2747 1915 2809 iussit.
1999 2749 2143 2810 inde
2180 2750 2309 2809 ab2
2284 2781 2335 2819 2⁵

343 2866 638 2926 augure,
613 2845 712 2928 cui
747 2846 969 2908 deinde
1007 2847 1250 2909 honoris
1285 2868 1430 2938 ergo
1454 2847 1763 2926 publicum
1791 2847 1855 2909 id
1884 2860 2258 2927 perpetuum·
2344 2853 2351 2858 ’

1015 2913 1341 2934 *qn-...Onu—

346 2963 464 3021 que
512 2944 912 3005 sacerdotium
959 2944 1086 3020 fuit,
1138 2946 1435 3006 deductus
1483 2945 1546 3005 in
1594 2965 1791 3006 arcem
1834 2945 1896 3006 in
1939 2944 2138 3023 lapide
2178 2947 2257 3007 ad

282 3056 310 3114 7
346 3038 654 3110 meridiem
685 3059 885 3100 versus
924 3039 1212 3100 consedit.
1297 3060 1487 3118 augur
1521 3041 1601 3100 ad
1639 3042 1867 3138 laevafn
1907 3039 2033 3100 eius
2062 3041 2257 3119 capite

343 3139 540 3197 velato
594 3139 800 3198 sedem
855 3137 1029 3216 cepit,
1082 3140 1288 3198 dextra
1344 3158 1525 3199 manu
1581 3139 1863 3199 baculum
1913 3138 2042 3200 sine
2090 3143 2255 3204 nodo

343 3213 648 3295 aduncum
697 3246 925 3306 tenenS,
979 3254 1160 3313 quem
1209 3234 1424 3295 lituum
1479 3238 1867 3314 appellarunt.
1951 3235 2095 3297 inde
2151 3239 2255 3299 ubi
2283 3269 2335 3307 30

343 3346 663 3412 prospectu
729 3334 792 3394 in
861 3334 1070 3394 urbem
1135 3353 1463 3412 agrumque
1526 3344 1703 3411 capto
1769 3336 1915 3395 deos
1979 3347 2253 3412 precatus

343 3432 613 3528 regiones
650 3433 728 3494 ab
767 3433 995 3493 oriente
1031 3434 1109 3492 ad
1137 3451 1419 3492 occasum
1448 3432 1879 3523 determinat-rit,
1912 3435 2146 3518 dextras
2173 3437 2252 3497 ad
